%% This BibTeX bibliography file was created using BibDesk.
%% http://bibdesk.sourceforge.net/


%% Created for Saisuke Okabayashi at 2010-08-31 10:55:41 -0500 


%% Saved with string encoding Unicode (UTF-8) 


@string{amstat = {The American Statistician}}

@string{annals = {The Annals of Statistics}}

@string{frenchannals = {Annales de l'Institut Henri Poincar\'{e} (B) Probability and Statistics}}

@string{goodreau = {Goodreau, Steven M.}}

@string{handock = {Handcock, Mark S.}}

@string{hunter = {Hunter, David R.}}

@string{isr = {International Statistical Review}}

@string{jasa = {Journal of the American Statistical Association}}

@string{jcgs = {Journal of Computational and Graphical Statistics}}

@string{jrss-a = {Journal of the Royal Statistical Society, {\rm Series A}}}

@string{jrss-b = {Journal of the Royal Statistical Society, {\rm Series B}}}

@string{jss = {Journal of Statistical Software}}

@string{sn = {Social Networks}}

@string{statsci = {Statistical Science}}


@unpublished{Kolaczyk:slides,
	Author = {Kolaczyk, Eric D.},
	Date-Added = {2010-08-31 10:52:59 -0500},
	Date-Modified = {2010-08-31 10:55:41 -0500},
	Keywords = {MUST READ},
	Title = {Tutorial: Statistical Analysis of Network Data},
	Year = {2010},
	Bdsk-File-1 = {YnBsaXN0MDDUAQIDBAUIJidUJHRvcFgkb2JqZWN0c1gkdmVyc2lvblkkYXJjaGl2ZXLRBgdUcm9vdIABqAkKFRYXGyIjVSRudWxs0wsMDQ4RFFpOUy5vYmplY3RzV05TLmtleXNWJGNsYXNzog8QgASABqISE4ACgAOAB1lhbGlhc0RhdGFccmVsYXRpdmVQYXRo0hgNGRpXTlMuZGF0YU8RAXgAAAAAAXgAAgAAB3NhaWJvb2sAAAAAAAAAAAAAAAAAAAAAAAAAAMfUUYFIKwAAAA2ppQ9Lb2xhY3p5ay1DTi5wZGYAAAAAAAAAAAAAAAAAAAAAAAAAAAAAAAAAAAAAAAAAAAAAAAAAAAAAAAAAAAAAAAAASFaxyKKOpAAAAAAAAAAAAAEAAgAACSAAAAAAAAAAAAAAAAAAAAAGUEFQRVJTABAACAAAx9SX0QAAABEACAAAyKLU9AAAAAEAEAANqaUADag+AAhMhgAAkvMAAgAxc2FpYm9vazpVc2VyczpzYWlwdWNrOlRha286UEFQRVJTOktvbGFjenlrLUNOLnBkZgAADgAgAA8ASwBvAGwAYQBjAHoAeQBrAC0AQwBOAC4AcABkAGYADwAQAAcAcwBhAGkAYgBvAG8AawASAClVc2Vycy9zYWlwdWNrL1Rha28vUEFQRVJTL0tvbGFjenlrLUNOLnBkZgAAEwABLwAAFQACAA7//wAAgAXSHB0eH1gkY2xhc3Nlc1okY2xhc3NuYW1lox8gIV1OU011dGFibGVEYXRhVk5TRGF0YVhOU09iamVjdF8QGS4uL1BBUEVSUy9Lb2xhY3p5ay1DTi5wZGbSHB0kJaIlIVxOU0RpY3Rpb25hcnkSAAGGoF8QD05TS2V5ZWRBcmNoaXZlcgAIABEAFgAfACgAMgA1ADoAPABFAEsAUgBdAGUAbABvAHEAcwB2AHgAegB8AIYAkwCYAKACHAIeAiMCLAI3AjsCSQJQAlkCdQJ6An0CigKPAAAAAAAAAgEAAAAAAAAAKAAAAAAAAAAAAAAAAAAAAqE=}}

@unpublished{Gallier:convex,
	Author = {Gallier, Jean},
	Date-Added = {2010-08-29 12:11:23 -0500},
	Date-Modified = {2010-08-29 12:13:16 -0500},
	Title = {Notes on Convex sets, Polytopes, Polyhedra, Combinatorial Topology, Voronoi Diagrams and Delaunay Triangulations},
	Year = {2009},
	Bdsk-File-1 = {YnBsaXN0MDDUAQIDBAUIJidUJHRvcFgkb2JqZWN0c1gkdmVyc2lvblkkYXJjaGl2ZXLRBgdUcm9vdIABqAkKFRYXGyIjVSRudWxs0wsMDQ4RFFpOUy5vYmplY3RzV05TLmtleXNWJGNsYXNzog8QgASABqISE4ACgAOAB1lhbGlhc0RhdGFccmVsYXRpdmVQYXRo0hgNGRpXTlMuZGF0YU8RAWoAAAAAAWoAAgAAB3NhaWJvb2sAAAAAAAAAAAAAAAAAAAAAAAAAAMfUUYFIKwAAAA2ppQxjb252ZXgxMy5wZGYAAAAAAAAAAAAAAAAAAAAAAAAAAAAAAAAAAAAAAAAAAAAAAAAAAAAAAAAAAAAAAAAAAAAAR5NGyJ/7UgAAAAAAAAAAAAEAAgAACSAAAAAAAAAAAAAAAAAAAAAGUEFQRVJTABAACAAAx9SX0QAAABEACAAAyKBBogAAAAEAEAANqaUADag+AAhMhgAAkvMAAgAuc2FpYm9vazpVc2VyczpzYWlwdWNrOlRha286UEFQRVJTOmNvbnZleDEzLnBkZgAOABoADABjAG8AbgB2AGUAeAAxADMALgBwAGQAZgAPABAABwBzAGEAaQBiAG8AbwBrABIAJlVzZXJzL3NhaXB1Y2svVGFrby9QQVBFUlMvY29udmV4MTMucGRmABMAAS8AABUAAgAO//8AAIAF0hwdHh9YJGNsYXNzZXNaJGNsYXNzbmFtZaMfICFdTlNNdXRhYmxlRGF0YVZOU0RhdGFYTlNPYmplY3RfEBYuLi9QQVBFUlMvY29udmV4MTMucGRm0hwdJCWiJSFcTlNEaWN0aW9uYXJ5EgABhqBfEA9OU0tleWVkQXJjaGl2ZXIACAARABYAHwAoADIANQA6ADwARQBLAFIAXQBlAGwAbwBxAHMAdgB4AHoAfACGAJMAmACgAg4CEAIVAh4CKQItAjsCQgJLAmQCaQJsAnkCfgAAAAAAAAIBAAAAAAAAACgAAAAAAAAAAAAAAAAAAAKQ},
	Bdsk-File-2 = {YnBsaXN0MDDUAQIDBAUIJidUJHRvcFgkb2JqZWN0c1gkdmVyc2lvblkkYXJjaGl2ZXLRBgdUcm9vdIABqAkKFRYXGyIjVSRudWxs0wsMDQ4RFFpOUy5vYmplY3RzV05TLmtleXNWJGNsYXNzog8QgASABqISE4ACgAOAB1lhbGlhc0RhdGFccmVsYXRpdmVQYXRo0hgNGRpXTlMuZGF0YU8RAWoAAAAAAWoAAgAAB3NhaWJvb2sAAAAAAAAAAAAAAAAAAAAAAAAAAMfUUYFIKwAAAA2ppQxjb252ZXg0NS5wZGYAAAAAAAAAAAAAAAAAAAAAAAAAAAAAAAAAAAAAAAAAAAAAAAAAAAAAAAAAAAAAAAAAAAAAR5NsyJ/7XAAAAAAAAAAAAAEAAgAACSAAAAAAAAAAAAAAAAAAAAAGUEFQRVJTABAACAAAx9SX0QAAABEACAAAyKBBrAAAAAEAEAANqaUADag+AAhMhgAAkvMAAgAuc2FpYm9vazpVc2VyczpzYWlwdWNrOlRha286UEFQRVJTOmNvbnZleDQ1LnBkZgAOABoADABjAG8AbgB2AGUAeAA0ADUALgBwAGQAZgAPABAABwBzAGEAaQBiAG8AbwBrABIAJlVzZXJzL3NhaXB1Y2svVGFrby9QQVBFUlMvY29udmV4NDUucGRmABMAAS8AABUAAgAO//8AAIAF0hwdHh9YJGNsYXNzZXNaJGNsYXNzbmFtZaMfICFdTlNNdXRhYmxlRGF0YVZOU0RhdGFYTlNPYmplY3RfEBYuLi9QQVBFUlMvY29udmV4NDUucGRm0hwdJCWiJSFcTlNEaWN0aW9uYXJ5EgABhqBfEA9OU0tleWVkQXJjaGl2ZXIACAARABYAHwAoADIANQA6ADwARQBLAFIAXQBlAGwAbwBxAHMAdgB4AHoAfACGAJMAmACgAg4CEAIVAh4CKQItAjsCQgJLAmQCaQJsAnkCfgAAAAAAAAIBAAAAAAAAACgAAAAAAAAAAAAAAAAAAAKQ},
	Bdsk-File-3 = {YnBsaXN0MDDUAQIDBAUIJidUJHRvcFgkb2JqZWN0c1gkdmVyc2lvblkkYXJjaGl2ZXLRBgdUcm9vdIABqAkKFRYXGyIjVSRudWxs0wsMDQ4RFFpOUy5vYmplY3RzV05TLmtleXNWJGNsYXNzog8QgASABqISE4ACgAOAB1lhbGlhc0RhdGFccmVsYXRpdmVQYXRo0hgNGRpXTlMuZGF0YU8RAWoAAAAAAWoAAgAAB3NhaWJvb2sAAAAAAAAAAAAAAAAAAAAAAAAAAMfUUYFIKwAAAA2ppQxjb252ZXg2Ny5wZGYAAAAAAAAAAAAAAAAAAAAAAAAAAAAAAAAAAAAAAAAAAAAAAAAAAAAAAAAAAAAAAAAAAAAAR5OVyJ/7ZwAAAAAAAAAAAAEAAgAACSAAAAAAAAAAAAAAAAAAAAAGUEFQRVJTABAACAAAx9SX0QAAABEACAAAyKBBtwAAAAEAEAANqaUADag+AAhMhgAAkvMAAgAuc2FpYm9vazpVc2VyczpzYWlwdWNrOlRha286UEFQRVJTOmNvbnZleDY3LnBkZgAOABoADABjAG8AbgB2AGUAeAA2ADcALgBwAGQAZgAPABAABwBzAGEAaQBiAG8AbwBrABIAJlVzZXJzL3NhaXB1Y2svVGFrby9QQVBFUlMvY29udmV4NjcucGRmABMAAS8AABUAAgAO//8AAIAF0hwdHh9YJGNsYXNzZXNaJGNsYXNzbmFtZaMfICFdTlNNdXRhYmxlRGF0YVZOU0RhdGFYTlNPYmplY3RfEBYuLi9QQVBFUlMvY29udmV4NjcucGRm0hwdJCWiJSFcTlNEaWN0aW9uYXJ5EgABhqBfEA9OU0tleWVkQXJjaGl2ZXIACAARABYAHwAoADIANQA6ADwARQBLAFIAXQBlAGwAbwBxAHMAdgB4AHoAfACGAJMAmACgAg4CEAIVAh4CKQItAjsCQgJLAmQCaQJsAnkCfgAAAAAAAAIBAAAAAAAAACgAAAAAAAAAAAAAAAAAAAKQ},
	Bdsk-File-4 = {YnBsaXN0MDDUAQIDBAUIJidUJHRvcFgkb2JqZWN0c1gkdmVyc2lvblkkYXJjaGl2ZXLRBgdUcm9vdIABqAkKFRYXGyIjVSRudWxs0wsMDQ4RFFpOUy5vYmplY3RzV05TLmtleXNWJGNsYXNzog8QgASABqISE4ACgAOAB1lhbGlhc0RhdGFccmVsYXRpdmVQYXRo0hgNGRpXTlMuZGF0YU8RAWgAAAAAAWgAAgAAB3NhaWJvb2sAAAAAAAAAAAAAAAAAAAAAAAAAAMfUUYFIKwAAAA2ppQtjb252ZXg4LnBkZgAAAAAAAAAAAAAAAAAAAAAAAAAAAAAAAAAAAAAAAAAAAAAAAAAAAAAAAAAAAAAAAAAAAAAAR5O5yJ/7cwAAAAAAAAAAAAEAAgAACSAAAAAAAAAAAAAAAAAAAAAGUEFQRVJTABAACAAAx9SX0QAAABEACAAAyKBBwwAAAAEAEAANqaUADag+AAhMhgAAkvMAAgAtc2FpYm9vazpVc2VyczpzYWlwdWNrOlRha286UEFQRVJTOmNvbnZleDgucGRmAAAOABgACwBjAG8AbgB2AGUAeAA4AC4AcABkAGYADwAQAAcAcwBhAGkAYgBvAG8AawASACVVc2Vycy9zYWlwdWNrL1Rha28vUEFQRVJTL2NvbnZleDgucGRmAAATAAEvAAAVAAIADv//AACABdIcHR4fWCRjbGFzc2VzWiRjbGFzc25hbWWjHyAhXU5TTXV0YWJsZURhdGFWTlNEYXRhWE5TT2JqZWN0XxAVLi4vUEFQRVJTL2NvbnZleDgucGRm0hwdJCWiJSFcTlNEaWN0aW9uYXJ5EgABhqBfEA9OU0tleWVkQXJjaGl2ZXIACAARABYAHwAoADIANQA6ADwARQBLAFIAXQBlAGwAbwBxAHMAdgB4AHoAfACGAJMAmACgAgwCDgITAhwCJwIrAjkCQAJJAmECZgJpAnYCewAAAAAAAAIBAAAAAAAAACgAAAAAAAAAAAAAAAAAAAKN}}

@unpublished{Gallier:compact,
	Author = {Gallier, Jean and Xu, Dianna},
	Date-Added = {2010-08-29 11:52:32 -0500},
	Date-Modified = {2010-08-29 11:54:17 -0500},
	Month = {March},
	Organization = {University of Pennsylvania},
	Title = {The Classification Theorem for Compact Surfaces},
	Year = {2010},
	Bdsk-File-1 = {YnBsaXN0MDDUAQIDBAUIJidUJHRvcFgkb2JqZWN0c1gkdmVyc2lvblkkYXJjaGl2ZXLRBgdUcm9vdIABqAkKFRYXGyIjVSRudWxs0wsMDQ4RFFpOUy5vYmplY3RzV05TLmtleXNWJGNsYXNzog8QgASABqISE4ACgAOAB1lhbGlhc0RhdGFccmVsYXRpdmVQYXRo0hgNGRpXTlMuZGF0YU8RAXgAAAAAAXgAAgAAB3NhaWJvb2sAAAAAAAAAAAAAAAAAAAAAAAAAAMfUUYFIKwAAAA2ppQ9zdXJmY2xhc3Mtbi5wZGYAAAAAAAAAAAAAAAAAAAAAAAAAAAAAAAAAAAAAAAAAAAAAAAAAAAAAAAAAAAAAAAAAR5DjyJ/6dwAAAAAAAAAAAAEAAgAACSAAAAAAAAAAAAAAAAAAAAAGUEFQRVJTABAACAAAx9SX0QAAABEACAAAyKBAxwAAAAEAEAANqaUADag+AAhMhgAAkvMAAgAxc2FpYm9vazpVc2VyczpzYWlwdWNrOlRha286UEFQRVJTOnN1cmZjbGFzcy1uLnBkZgAADgAgAA8AcwB1AHIAZgBjAGwAYQBzAHMALQBuAC4AcABkAGYADwAQAAcAcwBhAGkAYgBvAG8AawASAClVc2Vycy9zYWlwdWNrL1Rha28vUEFQRVJTL3N1cmZjbGFzcy1uLnBkZgAAEwABLwAAFQACAA7//wAAgAXSHB0eH1gkY2xhc3Nlc1okY2xhc3NuYW1lox8gIV1OU011dGFibGVEYXRhVk5TRGF0YVhOU09iamVjdF8QGS4uL1BBUEVSUy9zdXJmY2xhc3Mtbi5wZGbSHB0kJaIlIVxOU0RpY3Rpb25hcnkSAAGGoF8QD05TS2V5ZWRBcmNoaXZlcgAIABEAFgAfACgAMgA1ADoAPABFAEsAUgBdAGUAbABvAHEAcwB2AHgAegB8AIYAkwCYAKACHAIeAiMCLAI3AjsCSQJQAlkCdQJ6An0CigKPAAAAAAAAAgEAAAAAAAAAKAAAAAAAAAAAAAAAAAAAAqE=}}

@manual{rcdd,
	Author = {Charles J. Geyer and Glen D. Meeden and incorporates code from cddlib (ver 0.94f) written by Komei Fukuda},
	Date-Added = {2010-08-05 16:02:00 -0500},
	Date-Modified = {2010-08-05 16:05:07 -0500},
	Note = {R package version 1.1-3},
	Title = {rcdd: rcdd (Computation Geometry)},
	Url = {http://CRAN.R-project.org/package=rcdd},
	Year = {2009},
	Bdsk-File-1 = {YnBsaXN0MDDUAQIDBAUIJidUJHRvcFgkb2JqZWN0c1gkdmVyc2lvblkkYXJjaGl2ZXLRBgdUcm9vdIABqAkKFRYXGyIjVSRudWxs0wsMDQ4RFFpOUy5vYmplY3RzV05TLmtleXNWJGNsYXNzog8QgASABqISE4ACgAOAB1lhbGlhc0RhdGFccmVsYXRpdmVQYXRo0hgNGRpXTlMuZGF0YU8RAWAAAAAAAWAAAgAAB3NhaWJvb2sAAAAAAAAAAAAAAAAAAAAAAAAAAMfUUYFIKwAAAA2ppQl2aW5ueS5wZGYAAAAAAAAAAAAAAAAAAAAAAAAAAAAAAAAAAAAAAAAAAAAAAAAAAAAAAAAAAAAAAAAAAAAAAAAAQm2byI15iwAAAAAAAAAAAAEAAgAACSAAAAAAAAAAAAAAAAAAAAAGUEFQRVJTABAACAAAx9SX0QAAABEACAAAyI2/2wAAAAEAEAANqaUADag+AAhMhgAAkvMAAgArc2FpYm9vazpVc2VyczpzYWlwdWNrOlRha286UEFQRVJTOnZpbm55LnBkZgAADgAUAAkAdgBpAG4AbgB5AC4AcABkAGYADwAQAAcAcwBhAGkAYgBvAG8AawASACNVc2Vycy9zYWlwdWNrL1Rha28vUEFQRVJTL3Zpbm55LnBkZgAAEwABLwAAFQACAA7//wAAgAXSHB0eH1gkY2xhc3Nlc1okY2xhc3NuYW1lox8gIV1OU011dGFibGVEYXRhVk5TRGF0YVhOU09iamVjdF8QEy4uL1BBUEVSUy92aW5ueS5wZGbSHB0kJaIlIVxOU0RpY3Rpb25hcnkSAAGGoF8QD05TS2V5ZWRBcmNoaXZlcgAIABEAFgAfACgAMgA1ADoAPABFAEsAUgBdAGUAbABvAHEAcwB2AHgAegB8AIYAkwCYAKACBAIGAgsCFAIfAiMCMQI4AkECVwJcAl8CbAJxAAAAAAAAAgEAAAAAAAAAKAAAAAAAAAAAAAAAAAAAAoM=},
	Bdsk-File-2 = {YnBsaXN0MDDUAQIDBAUIJidUJHRvcFgkb2JqZWN0c1gkdmVyc2lvblkkYXJjaGl2ZXLRBgdUcm9vdIABqAkKFRYXGyIjVSRudWxs0wsMDQ4RFFpOUy5vYmplY3RzV05TLmtleXNWJGNsYXNzog8QgASABqISE4ACgAOAB1lhbGlhc0RhdGFccmVsYXRpdmVQYXRo0hgNGRpXTlMuZGF0YU8RAVgAAAAAAVgAAgAAB3NhaWJvb2sAAAAAAAAAAAAAAAAAAAAAAAAAAMfUUYFIKwAAAA2ppQd0YW4ucGRmAAAAAAAAAAAAAAAAAAAAAAAAAAAAAAAAAAAAAAAAAAAAAAAAAAAAAAAAAAAAAAAAAAAAAAAAAAAAQ/HhyJGytwAAAAAAAAAAAAEAAgAACSAAAAAAAAAAAAAAAAAAAAAGUEFQRVJTABAACAAAx9SX0QAAABEACAAAyJH5BwAAAAEAEAANqaUADag+AAhMhgAAkvMAAgApc2FpYm9vazpVc2VyczpzYWlwdWNrOlRha286UEFQRVJTOnRhbi5wZGYAAA4AEAAHAHQAYQBuAC4AcABkAGYADwAQAAcAcwBhAGkAYgBvAG8AawASACFVc2Vycy9zYWlwdWNrL1Rha28vUEFQRVJTL3Rhbi5wZGYAABMAAS8AABUAAgAO//8AAIAF0hwdHh9YJGNsYXNzZXNaJGNsYXNzbmFtZaMfICFdTlNNdXRhYmxlRGF0YVZOU0RhdGFYTlNPYmplY3RfEBEuLi9QQVBFUlMvdGFuLnBkZtIcHSQloiUhXE5TRGljdGlvbmFyeRIAAYagXxAPTlNLZXllZEFyY2hpdmVyAAgAEQAWAB8AKAAyADUAOgA8AEUASwBSAF0AZQBsAG8AcQBzAHYAeAB6AHwAhgCTAJgAoAH8Af4CAwIMAhcCGwIpAjACOQJNAlICVQJiAmcAAAAAAAACAQAAAAAAAAAoAAAAAAAAAAAAAAAAAAACeQ==},
	Bdsk-Url-1 = {http://CRAN.R-project.org/package=rcdd}}

@techreport{Blitzstein:2006,
	Author = {Blitzstein, Joseph and Diaconis, Persi},
	Date-Added = {2010-07-21 16:05:39 -0500},
	Date-Modified = {2010-07-21 16:06:38 -0500},
	Institution = {Stanford University},
	Title = {A Sequential Importance Sampling Algorithm for Generating Random Graphs with Prescribed Degrees},
	Year = {2006},
	Bdsk-File-1 = {YnBsaXN0MDDUAQIDBAUIJidUJHRvcFgkb2JqZWN0c1gkdmVyc2lvblkkYXJjaGl2ZXLRBgdUcm9vdIABqAkKFRYXGyIjVSRudWxs0wsMDQ4RFFpOUy5vYmplY3RzV05TLmtleXNWJGNsYXNzog8QgASABqISE4ACgAOAB1lhbGlhc0RhdGFccmVsYXRpdmVQYXRo0hgNGRpXTlMuZGF0YU8RAi4AAAAAAi4AAgAAB3NhaWJvb2sAAAAAAAAAAAAAAAAAAAAAAAAAAMfUUYFIKwAAAA2pqx9BIFNlcXVlbnRpYWwgSW1wb3J0YW4jREE5QUMucGRmAAAAAAAAAAAAAAAAAAAAAAAAAAAAAAAAAAAAAAAAAAAADamsyGzJ9gAAAAAAAAAAAAEAAwAACSAAAAAAAAAAAAAAAAAAAAAKQmxpdHpzdGVpbgAQAAgAAMfUl9EAAAARAAgAAMhtEEYAAAABABQADamrAA2ppQANqD4ACEyGAACS8wACAExzYWlib29rOlVzZXJzOnNhaXB1Y2s6VGFrbzpQQVBFUlM6QmxpdHpzdGVpbjpBIFNlcXVlbnRpYWwgSW1wb3J0YW4jREE5QUMucGRmAA4AfAA9AEEAIABTAGUAcQB1AGUAbgB0AGkAYQBsACAASQBtAHAAbwByAHQAYQBuAGMAZQAgAFMAYQBtAHAAbABpAG4AZwAgAEEAbABnAG8AcgBpAHQAaABtACAAZgBvAHIAIABHAGUAbgBlAHIAYQB0AGkAbgBnAC4AcABkAGYADwAQAAcAcwBhAGkAYgBvAG8AawASAGJVc2Vycy9zYWlwdWNrL1Rha28vUEFQRVJTL0JsaXR6c3RlaW4vQSBTZXF1ZW50aWFsIEltcG9ydGFuY2UgU2FtcGxpbmcgQWxnb3JpdGhtIGZvciBHZW5lcmF0aW5nLnBkZgATAAEvAAAVAAIADv//AACABdIcHR4fWCRjbGFzc2VzWiRjbGFzc25hbWWjHyAhXU5TTXV0YWJsZURhdGFWTlNEYXRhWE5TT2JqZWN0XxBSLi4vUEFQRVJTL0JsaXR6c3RlaW4vQSBTZXF1ZW50aWFsIEltcG9ydGFuY2UgU2FtcGxpbmcgQWxnb3JpdGhtIGZvciBHZW5lcmF0aW5nLnBkZtIcHSQloiUhXE5TRGljdGlvbmFyeRIAAYagXxAPTlNLZXllZEFyY2hpdmVyAAgAEQAWAB8AKAAyADUAOgA8AEUASwBSAF0AZQBsAG8AcQBzAHYAeAB6AHwAhgCTAJgAoALSAtQC2QLiAu0C8QL/AwYDDwNkA2kDbAN5A34AAAAAAAACAQAAAAAAAAAoAAAAAAAAAAAAAAAAAAADkA==}}

@article{Chatterjee:2010,
	Author = {Chatterjee, Sourav and Diaconis, Persi and Sly, Allan},
	Date-Added = {2010-07-21 15:57:17 -0500},
	Date-Modified = {2010-07-21 15:58:24 -0500},
	Journal = {arXiv},
	Title = {Random Graphs with a Given Degree Sequence},
	Year = {2010},
	Bdsk-File-1 = {YnBsaXN0MDDUAQIDBAUIJidUJHRvcFgkb2JqZWN0c1gkdmVyc2lvblkkYXJjaGl2ZXLRBgdUcm9vdIABqAkKFRYXGyIjVSRudWxs0wsMDQ4RFFpOUy5vYmplY3RzV05TLmtleXNWJGNsYXNzog8QgASABqISE4ACgAOAB1lhbGlhc0RhdGFccmVsYXRpdmVQYXRo0hgNGRpXTlMuZGF0YU8RAeYAAAAAAeYAAgAAB3NhaWJvb2sAAAAAAAAAAAAAAAAAAAAAAAAAAMfUUYFIKwAAAA2prx9SYW5kb20gR3JhcGhzIHdpdGggYSAjREE5QjAucGRmAAAAAAAAAAAAAAAAAAAAAAAAAAAAAAAAAAAAAAAAAAAADamwyGzI8gAAAAAAAAAAAAEAAwAACSAAAAAAAAAAAAAAAAAAAAAKQ2hhdHRlcmplZQAQAAgAAMfUl9EAAAARAAgAAMhtD0IAAAABABQADamvAA2ppQANqD4ACEyGAACS8wACAExzYWlib29rOlVzZXJzOnNhaXB1Y2s6VGFrbzpQQVBFUlM6Q2hhdHRlcmplZTpSYW5kb20gR3JhcGhzIHdpdGggYSAjREE5QjAucGRmAA4ATAAlAFIAYQBuAGQAbwBtACAARwByAGEAcABoAHMAIAB3AGkAdABoACAAYQAgAEcAaQB2AGUAbgAgAEQAZQBnAHIAZQBlAC4AcABkAGYADwAQAAcAcwBhAGkAYgBvAG8AawASAEpVc2Vycy9zYWlwdWNrL1Rha28vUEFQRVJTL0NoYXR0ZXJqZWUvUmFuZG9tIEdyYXBocyB3aXRoIGEgR2l2ZW4gRGVncmVlLnBkZgATAAEvAAAVAAIADv//AACABdIcHR4fWCRjbGFzc2VzWiRjbGFzc25hbWWjHyAhXU5TTXV0YWJsZURhdGFWTlNEYXRhWE5TT2JqZWN0XxA6Li4vUEFQRVJTL0NoYXR0ZXJqZWUvUmFuZG9tIEdyYXBocyB3aXRoIGEgR2l2ZW4gRGVncmVlLnBkZtIcHSQloiUhXE5TRGljdGlvbmFyeRIAAYagXxAPTlNLZXllZEFyY2hpdmVyAAgAEQAWAB8AKAAyADUAOgA8AEUASwBSAF0AZQBsAG8AcQBzAHYAeAB6AHwAhgCTAJgAoAKKAowCkQKaAqUCqQK3Ar4CxwMEAwkDDAMZAx4AAAAAAAACAQAAAAAAAAAoAAAAAAAAAAAAAAAAAAADMA==}}

@article{reid:2009,
	Author = {Varin, Cristiano and Reid, Nancy and Firth, David},
	Date-Added = {2010-07-20 16:14:25 -0500},
	Date-Modified = {2010-07-20 16:15:14 -0500}}

@article{Gile:2010,
	Author = {Gile, Krista J. and Handcock, Mark S.},
	Date-Added = {2010-07-20 13:34:46 -0500},
	Date-Modified = {2010-07-20 13:39:56 -0500},
	Journal = {The Annals of Applied Statistics},
	Number = {1},
	Pages = {5--25},
	Title = {Modeling Social Networks from Sampled Data},
	Volume = {4},
	Year = {2010},
	Bdsk-File-1 = {YnBsaXN0MDDUAQIDBAUIJidUJHRvcFgkb2JqZWN0c1gkdmVyc2lvblkkYXJjaGl2ZXLRBgdUcm9vdIABqAkKFRYXGyIjVSRudWxs0wsMDQ4RFFpOUy5vYmplY3RzV05TLmtleXNWJGNsYXNzog8QgASABqISE4ACgAOAB1lhbGlhc0RhdGFccmVsYXRpdmVQYXRo0hgNGRpXTlMuZGF0YU8RAeAAAAAAAeAAAgAAB3NhaWJvb2sAAAAAAAAAAAAAAAAAAAAAAAAAAMfUUYFIKwAAAA2pxx9Nb2RlbGluZyBTb2NpYWwgTmV0d28jREE5QzgucGRmAAAAAAAAAAAAAAAAAAAAAAAAAAAAAAAAAAAAAAAAAAAADanIyGtUbQAAAAAAAAAAAAEAAwAACSAAAAAAAAAAAAAAAAAAAAAER2lsZQAQAAgAAMfUl9EAAAARAAgAAMhrmr0AAAABABQADanHAA2ppQANqD4ACEyGAACS8wACAEZzYWlib29rOlVzZXJzOnNhaXB1Y2s6VGFrbzpQQVBFUlM6R2lsZTpNb2RlbGluZyBTb2NpYWwgTmV0d28jREE5QzgucGRmAA4AVAApAE0AbwBkAGUAbABpAG4AZwAgAFMAbwBjAGkAYQBsACAATgBlAHQAdwBvAHIAawBzACAAZgByAG8AbQAgAFMAYQBtAHAAbABlAGQALgBwAGQAZgAPABAABwBzAGEAaQBiAG8AbwBrABIASFVzZXJzL3NhaXB1Y2svVGFrby9QQVBFUlMvR2lsZS9Nb2RlbGluZyBTb2NpYWwgTmV0d29ya3MgZnJvbSBTYW1wbGVkLnBkZgATAAEvAAAVAAIADv//AACABdIcHR4fWCRjbGFzc2VzWiRjbGFzc25hbWWjHyAhXU5TTXV0YWJsZURhdGFWTlNEYXRhWE5TT2JqZWN0XxA4Li4vUEFQRVJTL0dpbGUvTW9kZWxpbmcgU29jaWFsIE5ldHdvcmtzIGZyb20gU2FtcGxlZC5wZGbSHB0kJaIlIVxOU0RpY3Rpb25hcnkSAAGGoF8QD05TS2V5ZWRBcmNoaXZlcgAIABEAFgAfACgAMgA1ADoAPABFAEsAUgBdAGUAbABvAHEAcwB2AHgAegB8AIYAkwCYAKAChAKGAosClAKfAqMCsQK4AsEC/AMBAwQDEQMWAAAAAAAAAgEAAAAAAAAAKAAAAAAAAAAAAAAAAAAAAyg=}}

@article{Goldenberg:2009,
	Author = {Goldenberg, Anna and Zheng, Alice X. and Fienberg, Stephen E. and Airoldi, Edoardo M.},
	Date-Added = {2010-07-20 13:01:34 -0500},
	Date-Modified = {2010-08-31 10:55:28 -0500},
	Journal = {Foundations and Trends in Machine Learning},
	Keywords = {MUST READ},
	Number = {2},
	Pages = {129--233},
	Rating = {5},
	Title = {A Survey of Statistical Network Models},
	Volume = {2},
	Year = {2009},
	Bdsk-File-1 = {YnBsaXN0MDDUAQIDBAUIJidUJHRvcFgkb2JqZWN0c1gkdmVyc2lvblkkYXJjaGl2ZXLRBgdUcm9vdIABqAkKFRYXGyIjVSRudWxs0wsMDQ4RFFpOUy5vYmplY3RzV05TLmtleXNWJGNsYXNzog8QgASABqISE4ACgAOAB1lhbGlhc0RhdGFccmVsYXRpdmVQYXRo0hgNGRpXTlMuZGF0YU8RAfYAAAAAAfYAAgAAB3NhaWJvb2sAAAAAAAAAAAAAAAAAAAAAAAAAAMfUUYFIKwAAAA2pyR9BIFN1cnZleSBvZiBTdGF0aXN0aWMjREE5Q0EucGRmAAAAAAAAAAAAAAAAAAAAAAAAAAAAAAAAAAAAAAAAAAAADanKyGtOfAAAAAAAAAAAAAEAAwAACSAAAAAAAAAAAAAAAAAAAAAKR29sZGVuYmVyZwAQAAgAAMfUl9EAAAARAAgAAMhrlMwAAAABABQADanJAA2ppQANqD4ACEyGAACS8wACAExzYWlib29rOlVzZXJzOnNhaXB1Y2s6VGFrbzpQQVBFUlM6R29sZGVuYmVyZzpBIFN1cnZleSBvZiBTdGF0aXN0aWMjREE5Q0EucGRmAA4AVgAqAEEAIABTAHUAcgB2AGUAeQAgAG8AZgAgAFMAdABhAHQAaQBzAHQAaQBjAGEAbAAgAE4ARQB0AHcAbwByAGsAIABNAG8AZABlAGwAcwAuAHAAZABmAA8AEAAHAHMAYQBpAGIAbwBvAGsAEgBPVXNlcnMvc2FpcHVjay9UYWtvL1BBUEVSUy9Hb2xkZW5iZXJnL0EgU3VydmV5IG9mIFN0YXRpc3RpY2FsIE5FdHdvcmsgTW9kZWxzLnBkZgAAEwABLwAAFQACAA7//wAAgAXSHB0eH1gkY2xhc3Nlc1okY2xhc3NuYW1lox8gIV1OU011dGFibGVEYXRhVk5TRGF0YVhOU09iamVjdF8QPy4uL1BBUEVSUy9Hb2xkZW5iZXJnL0EgU3VydmV5IG9mIFN0YXRpc3RpY2FsIE5FdHdvcmsgTW9kZWxzLnBkZtIcHSQloiUhXE5TRGljdGlvbmFyeRIAAYagXxAPTlNLZXllZEFyY2hpdmVyAAgAEQAWAB8AKAAyADUAOgA8AEUASwBSAF0AZQBsAG8AcQBzAHYAeAB6AHwAhgCTAJgAoAKaApwCoQKqArUCuQLHAs4C1wMZAx4DIQMuAzMAAAAAAAACAQAAAAAAAAAoAAAAAAAAAAAAAAAAAAADRQ==}}

@article{Moyeed:1991,
	Author = {Moyeed, R. A. and Baddeley, A. J.},
	Date-Added = {2010-06-11 13:17:15 -0500},
	Date-Modified = {2010-06-11 13:23:41 -0500},
	Journal = {Scandinavian Journal of Statistics},
	Number = {1},
	Pages = {39--50},
	Title = {Stochastic Apprxoimation of the {MLE} for a Spatial Point Pattern},
	Volume = {18},
	Year = {1991},
	Bdsk-File-1 = {YnBsaXN0MDDUAQIDBAUIJidUJHRvcFgkb2JqZWN0c1gkdmVyc2lvblkkYXJjaGl2ZXLRBgdUcm9vdIABqAkKFRYXGyIjVSRudWxs0wsMDQ4RFFpOUy5vYmplY3RzV05TLmtleXNWJGNsYXNzog8QgASABqISE4ACgAOAB1lhbGlhc0RhdGFccmVsYXRpdmVQYXRo0hgNGRpXTlMuZGF0YU8RAjQAAAAAAjQAAgAAB3NhaWJvb2sAAAAAAAAAAAAAAAAAAAAAAAAAAMfUUYFIKwAAAA2p5x9TdG9jaGFzdGljIEFwcHJ4b2ltYXQjREE5RTgucGRmAAAAAAAAAAAAAAAAAAAAAAAAAAAAAAAAAAAAAAAAAAAADanoyDfnuAAAAAAAAAAAAAEAAwAACSAAAAAAAAAAAAAAAAAAAAAGTW95ZWVkABAACAAAx9SX0QAAABEACAAAyDguCAAAAAEAFAANqecADamlAA2oPgAITIYAAJLzAAIASHNhaWJvb2s6VXNlcnM6c2FpcHVjazpUYWtvOlBBUEVSUzpNb3llZWQ6U3RvY2hhc3RpYyBBcHByeG9pbWF0I0RBOUU4LnBkZgAOAIgAQwBTAHQAbwBjAGgAYQBzAHQAaQBjACAAQQBwAHAAcgB4AG8AaQBtAGEAdABpAG8AbgAgAG8AZgAgAHQAaABlACAATQBMAEUAIABmAG8AcgAgAGEAIABTAHAAYQB0AGkAYQBsACAAUABvAGkAbgB0ACAAUABhAHQAdABlAHIAbgAuAHAAZABmAA8AEAAHAHMAYQBpAGIAbwBvAGsAEgBkVXNlcnMvc2FpcHVjay9UYWtvL1BBUEVSUy9Nb3llZWQvU3RvY2hhc3RpYyBBcHByeG9pbWF0aW9uIG9mIHRoZSBNTEUgZm9yIGEgU3BhdGlhbCBQb2ludCBQYXR0ZXJuLnBkZgATAAEvAAAVAAIADv//AACABdIcHR4fWCRjbGFzc2VzWiRjbGFzc25hbWWjHyAhXU5TTXV0YWJsZURhdGFWTlNEYXRhWE5TT2JqZWN0XxBULi4vUEFQRVJTL01veWVlZC9TdG9jaGFzdGljIEFwcHJ4b2ltYXRpb24gb2YgdGhlIE1MRSBmb3IgYSBTcGF0aWFsIFBvaW50IFBhdHRlcm4ucGRm0hwdJCWiJSFcTlNEaWN0aW9uYXJ5EgABhqBfEA9OU0tleWVkQXJjaGl2ZXIACAARABYAHwAoADIANQA6ADwARQBLAFIAXQBlAGwAbwBxAHMAdgB4AHoAfACGAJMAmACgAtgC2gLfAugC8wL3AwUDDAMVA2wDcQN0A4EDhgAAAAAAAAIBAAAAAAAAACgAAAAAAAAAAAAAAAAAAAOY}}

@article{Varin:2010,
	Author = {Varin, Cristiano and Reid, Nancy and Firth, David},
	Date-Added = {2010-06-11 09:04:44 -0500},
	Date-Modified = {2010-07-20 16:18:20 -0500},
	Journal = {Statistica Sinica},
	Title = {An Overview of Composite Likelihood Methods},
	Year = {2010},
	Bdsk-File-1 = {YnBsaXN0MDDUAQIDBAUIJidUJHRvcFgkb2JqZWN0c1gkdmVyc2lvblkkYXJjaGl2ZXLRBgdUcm9vdIABqAkKFRYXGyIjVSRudWxs0wsMDQ4RFFpOUy5vYmplY3RzV05TLmtleXNWJGNsYXNzog8QgASABqISE4ACgAOAB1lhbGlhc0RhdGFccmVsYXRpdmVQYXRo0hgNGRpXTlMuZGF0YU8RAfgAAAAAAfgAAgAAB3NhaWJvb2sAAAAAAAAAAAAAAAAAAAAAAAAAAMfUUYFIKwAAAA2qAB9BbiBPdmVydmlldyBvZiBDb21wb3MjREFBMDEucGRmAAAAAAAAAAAAAAAAAAAAAAAAAAAAAAAAAAAAAAAAAAAADaoByDcHDQAAAAAAAAAAAAEAAwAACSAAAAAAAAAAAAAAAAAAAAAFVmFyaW4AABAACAAAx9SX0QAAABEACAAAyDdNXQAAAAEAFAANqgAADamlAA2oPgAITIYAAJLzAAIAR3NhaWJvb2s6VXNlcnM6c2FpcHVjazpUYWtvOlBBUEVSUzpWYXJpbjpBbiBPdmVydmlldyBvZiBDb21wb3MjREFBMDEucGRmAAAOAGAALwBBAG4AIABPAHYAZQByAHYAaQBlAHcAIABvAGYAIABDAG8AbQBwAG8AcwBpAHQAZQAgAEwAaQBrAGUAbABpAGgAbwBvAGQAIABNAGUAdABoAG8AZABzAC4AcABkAGYADwAQAAcAcwBhAGkAYgBvAG8AawASAE9Vc2Vycy9zYWlwdWNrL1Rha28vUEFQRVJTL1ZhcmluL0FuIE92ZXJ2aWV3IG9mIENvbXBvc2l0ZSBMaWtlbGlob29kIE1ldGhvZHMucGRmAAATAAEvAAAVAAIADv//AACABdIcHR4fWCRjbGFzc2VzWiRjbGFzc25hbWWjHyAhXU5TTXV0YWJsZURhdGFWTlNEYXRhWE5TT2JqZWN0XxA/Li4vUEFQRVJTL1ZhcmluL0FuIE92ZXJ2aWV3IG9mIENvbXBvc2l0ZSBMaWtlbGlob29kIE1ldGhvZHMucGRm0hwdJCWiJSFcTlNEaWN0aW9uYXJ5EgABhqBfEA9OU0tleWVkQXJjaGl2ZXIACAARABYAHwAoADIANQA6ADwARQBLAFIAXQBlAGwAbwBxAHMAdgB4AHoAfACGAJMAmACgApwCngKjAqwCtwK7AskC0ALZAxsDIAMjAzADNQAAAAAAAAIBAAAAAAAAACgAAAAAAAAAAAAAAAAAAANH}}

@article{Vecchia:1988,
	Author = {Vecchia, A. V.},
	Date-Added = {2010-06-11 09:02:41 -0500},
	Date-Modified = {2010-06-11 09:03:50 -0500},
	Journal = {Journal of the Royal Statistical Society, {\rm Series B}},
	Number = {2},
	Pages = {297--312},
	Title = {Estimation and Model Identification for Continuous Spatial Processes},
	Volume = {50},
	Year = {1988},
	Bdsk-File-1 = {YnBsaXN0MDDUAQIDBAUIJidUJHRvcFgkb2JqZWN0c1gkdmVyc2lvblkkYXJjaGl2ZXLRBgdUcm9vdIABqAkKFRYXGyIjVSRudWxs0wsMDQ4RFFpOUy5vYmplY3RzV05TLmtleXNWJGNsYXNzog8QgASABqISE4ACgAOAB1lhbGlhc0RhdGFccmVsYXRpdmVQYXRo0hgNGRpXTlMuZGF0YU8RAioAAAAAAioAAgAAB3NhaWJvb2sAAAAAAAAAAAAAAAAAAAAAAAAAAMfUUYFIKwAAAA2qAh9Fc3RpbWF0aW9uIGFuZCBNb2RlbCAjREFBMDMucGRmAAAAAAAAAAAAAAAAAAAAAAAAAAAAAAAAAAAAAAAAAAAADaoDyDeqtAAAAAAAAAAAAAEAAwAACSAAAAAAAAAAAAAAAAAAAAAHVmVjY2hpYQAAEAAIAADH1JfRAAAAEQAIAADIN/EEAAAAAQAUAA2qAgANqaUADag+AAhMhgAAkvMAAgBJc2FpYm9vazpVc2VyczpzYWlwdWNrOlRha286UEFQRVJTOlZlY2NoaWE6RXN0aW1hdGlvbiBhbmQgTW9kZWwgI0RBQTAzLnBkZgAADgB+AD4ARQBzAHQAaQBtAGEAdABpAG8AbgAgAGEAbgBkACAATQBvAGQAZQBsACAASQBkAGUAbgB0AGkAZgBpAGMAYQB0AGkAbwBuACAAZgBvAHIAIABDAG8AbgB0AGkAbgB1AG8AdQBzACAAUwBwAGEAdABpAGEAbAAuAHAAZABmAA8AEAAHAHMAYQBpAGIAbwBvAGsAEgBgVXNlcnMvc2FpcHVjay9UYWtvL1BBUEVSUy9WZWNjaGlhL0VzdGltYXRpb24gYW5kIE1vZGVsIElkZW50aWZpY2F0aW9uIGZvciBDb250aW51b3VzIFNwYXRpYWwucGRmABMAAS8AABUAAgAO//8AAIAF0hwdHh9YJGNsYXNzZXNaJGNsYXNzbmFtZaMfICFdTlNNdXRhYmxlRGF0YVZOU0RhdGFYTlNPYmplY3RfEFAuLi9QQVBFUlMvVmVjY2hpYS9Fc3RpbWF0aW9uIGFuZCBNb2RlbCBJZGVudGlmaWNhdGlvbiBmb3IgQ29udGludW91cyBTcGF0aWFsLnBkZtIcHSQloiUhXE5TRGljdGlvbmFyeRIAAYagXxAPTlNLZXllZEFyY2hpdmVyAAgAEQAWAB8AKAAyADUAOgA8AEUASwBSAF0AZQBsAG8AcQBzAHYAeAB6AHwAhgCTAJgAoALOAtAC1QLeAukC7QL7AwIDCwNeA2MDZgNzA3gAAAAAAAACAQAAAAAAAAAoAAAAAAAAAAAAAAAAAAADig==}}

@article{Stein:2004,
	Author = {Stein, Michael L. and Chi, Zhiyi and Welty, Leah. J},
	Date-Added = {2010-06-11 09:00:42 -0500},
	Date-Modified = {2010-06-11 09:04:17 -0500},
	Journal = {Journal of the Royal Statistical Society, {\rm Series B}},
	Number = {2},
	Pages = {275--296},
	Title = {Approximating Likelihoods for Large Spatial Data Sets},
	Volume = {66},
	Year = {2004},
	Bdsk-File-1 = {YnBsaXN0MDDUAQIDBAUIJidUJHRvcFgkb2JqZWN0c1gkdmVyc2lvblkkYXJjaGl2ZXLRBgdUcm9vdIABqAkKFRYXGyIjVSRudWxs0wsMDQ4RFFpOUy5vYmplY3RzV05TLmtleXNWJGNsYXNzog8QgASABqISE4ACgAOAB1lhbGlhc0RhdGFccmVsYXRpdmVQYXRo0hgNGRpXTlMuZGF0YU8RAgYAAAAAAgYAAgAAB3NhaWJvb2sAAAAAAAAAAAAAAAAAAAAAAAAAAMfUUYFIKwAAAA2p/B9BcHByb3hpbWF0aW5nIExpa2VsaWgjREE5RkQucGRmAAAAAAAAAAAAAAAAAAAAAAAAAAAAAAAAAAAAAAAAAAAADan9yDcHbgAAAAAAAAAAAAEAAwAACSAAAAAAAAAAAAAAAAAAAAAFU3RlaW4AABAACAAAx9SX0QAAABEACAAAyDdNvgAAAAEAFAANqfwADamlAA2oPgAITIYAAJLzAAIAR3NhaWJvb2s6VXNlcnM6c2FpcHVjazpUYWtvOlBBUEVSUzpTdGVpbjpBcHByb3hpbWF0aW5nIExpa2VsaWgjREE5RkQucGRmAAAOAGoANABBAHAAcAByAG8AeABpAG0AYQB0AGkAbgBnACAATABpAGsAZQBsAGkAaABvAG8AZABzACAAZgBvAHIAIABMAGEAcgBnAGUAIABTAHAAYQB0AGkAYQBsACAARABhAHQAYQAuAHAAZABmAA8AEAAHAHMAYQBpAGIAbwBvAGsAEgBUVXNlcnMvc2FpcHVjay9UYWtvL1BBUEVSUy9TdGVpbi9BcHByb3hpbWF0aW5nIExpa2VsaWhvb2RzIGZvciBMYXJnZSBTcGF0aWFsIERhdGEucGRmABMAAS8AABUAAgAO//8AAIAF0hwdHh9YJGNsYXNzZXNaJGNsYXNzbmFtZaMfICFdTlNNdXRhYmxlRGF0YVZOU0RhdGFYTlNPYmplY3RfEEQuLi9QQVBFUlMvU3RlaW4vQXBwcm94aW1hdGluZyBMaWtlbGlob29kcyBmb3IgTGFyZ2UgU3BhdGlhbCBEYXRhLnBkZtIcHSQloiUhXE5TRGljdGlvbmFyeRIAAYagXxAPTlNLZXllZEFyY2hpdmVyAAgAEQAWAB8AKAAyADUAOgA8AEUASwBSAF0AZQBsAG8AcQBzAHYAeAB6AHwAhgCTAJgAoAKqAqwCsQK6AsUCyQLXAt4C5wMuAzMDNgNDA0gAAAAAAAACAQAAAAAAAAAoAAAAAAAAAAAAAAAAAAADWg==}}

@article{Geyer:1992b,
	Author = {Geyer, Charles J.},
	Date-Added = {2010-06-05 14:08:45 -0500},
	Date-Modified = {2010-06-05 14:09:59 -0500},
	Journal = {Staistical Science},
	Pages = {473--483},
	Title = {Practical {M}arkov chain {M}onte {C}arlo},
	Volume = {7},
	Year = {1992},
	Bdsk-File-1 = {YnBsaXN0MDDUAQIDBAUIJidUJHRvcFgkb2JqZWN0c1gkdmVyc2lvblkkYXJjaGl2ZXLRBgdUcm9vdIABqAkKFRYXGyIjVSRudWxs0wsMDQ4RFFpOUy5vYmplY3RzV05TLmtleXNWJGNsYXNzog8QgASABqISE4ACgAOAB1lhbGlhc0RhdGFccmVsYXRpdmVQYXRo0hgNGRpXTlMuZGF0YU8RAdwAAAAAAdwAAgAAB3NhaWJvb2sAAAAAAAAAAAAAAAAAAAAAAAAAAMfUUYFIKwAAAA2puR9QcmFjdGljYWwgTWFya292IGNoYWkjREE5QzQucGRmAAAAAAAAAAAAAAAAAAAAAAAAAAAAAAAAAAAAAAAAAAAADanEyDAK3QAAAAAAAAAAAAEAAwAACSAAAAAAAAAAAAAAAAAAAAAFR2V5ZXIAABAACAAAx9SX0QAAABEACAAAyDBRLQAAAAEAFAANqbkADamlAA2oPgAITIYAAJLzAAIAR3NhaWJvb2s6VXNlcnM6c2FpcHVjazpUYWtvOlBBUEVSUzpHZXllcjpQcmFjdGljYWwgTWFya292IGNoYWkjREE5QzQucGRmAAAOAE4AJgBQAHIAYQBjAHQAaQBjAGEAbAAgAE0AYQByAGsAbwB2ACAAYwBoAGEAaQBuACAATQBvAG4AdABlACAAQwBhAHIAbABvAC4AcABkAGYADwAQAAcAcwBhAGkAYgBvAG8AawASAEZVc2Vycy9zYWlwdWNrL1Rha28vUEFQRVJTL0dleWVyL1ByYWN0aWNhbCBNYXJrb3YgY2hhaW4gTW9udGUgQ2FybG8ucGRmABMAAS8AABUAAgAO//8AAIAF0hwdHh9YJGNsYXNzZXNaJGNsYXNzbmFtZaMfICFdTlNNdXRhYmxlRGF0YVZOU0RhdGFYTlNPYmplY3RfEDYuLi9QQVBFUlMvR2V5ZXIvUHJhY3RpY2FsIE1hcmtvdiBjaGFpbiBNb250ZSBDYXJsby5wZGbSHB0kJaIlIVxOU0RpY3Rpb25hcnkSAAGGoF8QD05TS2V5ZWRBcmNoaXZlcgAIABEAFgAfACgAMgA1ADoAPABFAEsAUgBdAGUAbABvAHEAcwB2AHgAegB8AIYAkwCYAKACgAKCAocCkAKbAp8CrQK0Ar0C9gL7Av4DCwMQAAAAAAAAAgEAAAAAAAAAKAAAAAAAAAAAAAAAAAAAAyI=}}

@unpublished{mcmc:R,
	Author = {Geyer, Charles J.},
	Date-Added = {2010-06-05 12:54:15 -0500},
	Date-Modified = {2010-06-07 10:19:52 -0500},
	Keywords = {mcmc},
	Note = {R pakage version 0.7-3.},
	Rating = {5},
	Title = {\texttt{mcmc}: {M}arkov chain {M}onte {C}arlo},
	Url = {http://CRAN.R-project.org/package=mcmc},
	Year = {2009},
	Bdsk-File-1 = {YnBsaXN0MDDUAQIDBAUIJidUJHRvcFgkb2JqZWN0c1gkdmVyc2lvblkkYXJjaGl2ZXLRBgdUcm9vdIABqAkKFRYXGyIjVSRudWxs0wsMDQ4RFFpOUy5vYmplY3RzV05TLmtleXNWJGNsYXNzog8QgASABqISE4ACgAOAB1lhbGlhc0RhdGFccmVsYXRpdmVQYXRo0hgNGRpXTlMuZGF0YU8RAdAAAAAAAdAAAgAAB3NhaWJvb2sAAAAAAAAAAAAAAAAAAAAAAAAAAMfUUYFIKwAAAA2puR9tY21jIE1hcmtvdiBjaGFpbiBNb24jREE5QzAucGRmAAAAAAAAAAAAAAAAAAAAAAAAAAAAAAAAAAAAAAAAAAAADanAyC/8nwAAAAAAAAAAAAEAAwAACSAAAAAAAAAAAAAAAAAAAAAFR2V5ZXIAABAACAAAx9SX0QAAABEACAAAyDBC7wAAAAEAFAANqbkADamlAA2oPgAITIYAAJLzAAIAR3NhaWJvb2s6VXNlcnM6c2FpcHVjazpUYWtvOlBBUEVSUzpHZXllcjptY21jIE1hcmtvdiBjaGFpbiBNb24jREE5QzAucGRmAAAOAEYAIgBtAGMAbQBjACAATQBhAHIAawBvAHYAIABjAGgAYQBpAG4AIABNAG8AbgB0AGUAIABDAGEAcgBsAG8AMAAuAHAAZABmAA8AEAAHAHMAYQBpAGIAbwBvAGsAEgBCVXNlcnMvc2FpcHVjay9UYWtvL1BBUEVSUy9HZXllci9tY21jIE1hcmtvdiBjaGFpbiBNb250ZSBDYXJsbzAucGRmABMAAS8AABUAAgAO//8AAIAF0hwdHh9YJGNsYXNzZXNaJGNsYXNzbmFtZaMfICFdTlNNdXRhYmxlRGF0YVZOU0RhdGFYTlNPYmplY3RfEDIuLi9QQVBFUlMvR2V5ZXIvbWNtYyBNYXJrb3YgY2hhaW4gTW9udGUgQ2FybG8wLnBkZtIcHSQloiUhXE5TRGljdGlvbmFyeRIAAYagXxAPTlNLZXllZEFyY2hpdmVyAAgAEQAWAB8AKAAyADUAOgA8AEUASwBSAF0AZQBsAG8AcQBzAHYAeAB6AHwAhgCTAJgAoAJ0AnYCewKEAo8CkwKhAqgCsQLmAusC7gL7AwAAAAAAAAACAQAAAAAAAAAoAAAAAAAAAAAAAAAAAAADEg==},
	Bdsk-Url-1 = {http://CRAN.R-project.org/package=mcmc}}

@article{Mardia:2009,
	Author = {Mardia, Kanti V. and Kent, John T. and Hughes, Gareth and Taylor, Charles C.},
	Date-Added = {2010-05-25 14:39:15 -0500},
	Date-Modified = {2010-05-25 14:41:22 -0500},
	Journal = {Biometrika},
	Number = {4},
	Pages = {975--982},
	Title = {Maximum Likelihood Estimation using Composite Likelihoods for Closed Exponential Families},
	Volume = {96},
	Year = {2009},
	Bdsk-File-1 = {YnBsaXN0MDDUAQIDBAUIJidUJHRvcFgkb2JqZWN0c1gkdmVyc2lvblkkYXJjaGl2ZXLRBgdUcm9vdIABqAkKFRYXGyIjVSRudWxs0wsMDQ4RFFpOUy5vYmplY3RzV05TLmtleXNWJGNsYXNzog8QgASABqISE4ACgAOAB1lhbGlhc0RhdGFccmVsYXRpdmVQYXRo0hgNGRpXTlMuZGF0YU8RAf4AAAAAAf4AAgAAB3NhaWJvb2sAAAAAAAAAAAAAAAAAAAAAAAAAAMfUUYFIKwAAAA2p4x9NYXhpbXVtIExpa2VsaWhvb2QgRXMjREE5RTQucGRmAAAAAAAAAAAAAAAAAAAAAAAAAAAAAAAAAAAAAAAAAAAADankyCGSWwAAAAAAAAAAAAEAAwAACSAAAAAAAAAAAAAAAAAAAAAGTWFyZGlhABAACAAAx9SX0QAAABEACAAAyCHYqwAAAAEAFAANqeMADamlAA2oPgAITIYAAJLzAAIASHNhaWJvb2s6VXNlcnM6c2FpcHVjazpUYWtvOlBBUEVSUzpNYXJkaWE6TWF4aW11bSBMaWtlbGlob29kIEVzI0RBOUU0LnBkZgAOAGQAMQBNAGEAeABpAG0AdQBtACAATABpAGsAZQBsAGkAaABvAG8AZAAgAEUAcwB0AGkAbQBhAHQAaQBvAG4AIAB1AHMAaQBuAGcAIABDAG8AbQBwAG8AcwBpAHQAZQAuAHAAZABmAA8AEAAHAHMAYQBpAGIAbwBvAGsAEgBSVXNlcnMvc2FpcHVjay9UYWtvL1BBUEVSUy9NYXJkaWEvTWF4aW11bSBMaWtlbGlob29kIEVzdGltYXRpb24gdXNpbmcgQ29tcG9zaXRlLnBkZgATAAEvAAAVAAIADv//AACABdIcHR4fWCRjbGFzc2VzWiRjbGFzc25hbWWjHyAhXU5TTXV0YWJsZURhdGFWTlNEYXRhWE5TT2JqZWN0XxBCLi4vUEFQRVJTL01hcmRpYS9NYXhpbXVtIExpa2VsaWhvb2QgRXN0aW1hdGlvbiB1c2luZyBDb21wb3NpdGUucGRm0hwdJCWiJSFcTlNEaWN0aW9uYXJ5EgABhqBfEA9OU0tleWVkQXJjaGl2ZXIACAARABYAHwAoADIANQA6ADwARQBLAFIAXQBlAGwAbwBxAHMAdgB4AHoAfACGAJMAmACgAqICpAKpArICvQLBAs8C1gLfAyQDKQMsAzkDPgAAAAAAAAIBAAAAAAAAACgAAAAAAAAAAAAAAAAAAANQ}}

@incollection{Jaynes:1978,
	Author = {Jaynes, E.T.},
	Booktitle = {The Maximum Entropy Formalism},
	Date-Added = {2010-05-14 13:56:16 -0500},
	Date-Modified = {2010-05-14 13:59:31 -0500},
	Editor = {R. D. Levine and M. Tribus},
	Publisher = {Cambridge: Massassachusetts Institute of Technology Press},
	Title = {Where Do We Stand on Maximum Entroy?},
	Year = {1978}}

@article{Swendsen-Wang:1987,
	Author = {Swendsen, Robert H. and Wang, Jian-Sheng},
	Date-Added = {2010-04-25 16:21:12 -0500},
	Date-Modified = {2010-04-25 16:27:55 -0500},
	Journal = {Physics Review Letters},
	Pages = {86-88},
	Title = {Nonuniversal Critical Dynamics in {M}onte {C}arlo simulations},
	Volume = {58},
	Year = {1987}}

@article{Swendsen-Wang:1990,
	Author = {J. S. Wang and R. H. Swendsen},
	Date-Added = {2010-04-25 16:13:13 -0500},
	Date-Modified = {2010-04-25 16:25:16 -0500},
	Journal = {Physics A},
	Number = {3},
	Pages = {565--579},
	Title = {Cluster {M}onte {C}arlo algorithms},
	Volume = {167},
	Year = {1990}}

@unpublished{Geyer:potts,
	Author = {Charles J. Geyer and Leif T. Johnson},
	Date-Added = {2010-04-25 16:10:40 -0500},
	Date-Modified = {2010-06-10 20:54:45 -0500},
	Note = {R package version 0.4},
	Title = {\texttt{ potts}: {M}arkov chain {M}onte {C}arlo for {P}otts Models.},
	Year = {2010}}

@article{Potts,
	Author = {Renfrey B. Potts},
	Date-Added = {2010-04-25 15:35:31 -0500},
	Date-Modified = {2010-04-25 16:11:44 -0500},
	Journal = {Proceedings of the Cambridge Philosphical Society},
	Pages = {106--109},
	Title = {Some Generalized Order-Disorder Transformations},
	Volume = {48},
	Year = {1952}}

@article{Ising,
	Author = {Ernst Ising},
	Date-Added = {2010-04-25 15:34:19 -0500},
	Date-Modified = {2010-04-25 16:11:52 -0500},
	Journal = {Zeitschrift f\"{u}r Physik A Hadrons and Nuclei},
	Number = {1},
	Pages = {253--258},
	Title = {Beitrag zur Theorie des Ferromagnetismus},
	Volume = {31},
	Year = {1925}}

@misc{TEXSHOP,
	Date-Added = {2010-04-17 13:27:27 -0500},
	Date-Modified = {2010-04-17 13:28:33 -0500},
	Title = {\bibliography{/Users/saiokabayashi/Tako/THESIS/References}},
	Year = {1900}}

@techreport{Hummel,
	Author = {Hummel, Ruth and Hunter, David R. and Handcock, Mark S.},
	Date-Added = {2010-04-07 10:25:59 -0500},
	Date-Modified = {2010-04-17 13:31:11 -0500},
	Institution = {Pennsylvania State University},
	Title = {A Steplength Algorithm for Fitting {ERGM}s},
	Year = {2010},
	Bdsk-File-1 = {YnBsaXN0MDDUAQIDBAUIJidUJHRvcFgkb2JqZWN0c1gkdmVyc2lvblkkYXJjaGl2ZXLRBgdUcm9vdIABqAkKFRYXGyIjVSRudWxs0wsMDQ4RFFpOUy5vYmplY3RzV05TLmtleXNWJGNsYXNzog8QgASABqISE4ACgAOAB1lhbGlhc0RhdGFccmVsYXRpdmVQYXRo0hgNGRpXTlMuZGF0YU8RAfIAAAAAAfIAAgAAB3NhaWJvb2sAAAAAAAAAAAAAAAAAAAAAAAAAAMfUUYFIKwAAAA2p2B9BIFN0ZXBsZW5ndGggQWxnb3JpdGgjREE5REEucGRmAAAAAAAAAAAAAAAAAAAAAAAAAAAAAAAAAAAAAAAAAAAADanax/kt9gAAAAAAAAAAAAEAAwAACSAAAAAAAAAAAAAAAAAAAAAGSHVtbWVsABAACAAAx9SX0QAAABEACAAAx/l0RgAAAAEAFAANqdgADamlAA2oPgAITIYAAJLzAAIASHNhaWJvb2s6VXNlcnM6c2FpcHVjazpUYWtvOlBBUEVSUzpIdW1tZWw6QSBTdGVwbGVuZ3RoIEFsZ29yaXRoI0RBOURBLnBkZgAOAFwALQBBACAAUwB0AGUAcABsAGUAbgBnAHQAaAAgAEEAbABnAG8AcgBpAHQAaABtACAAZgBvAHIAIABGAGkAdAB0AGkAbgBnACAARQBSAEcATQBzADAALgBwAGQAZgAPABAABwBzAGEAaQBiAG8AbwBrABIATlVzZXJzL3NhaXB1Y2svVGFrby9QQVBFUlMvSHVtbWVsL0EgU3RlcGxlbmd0aCBBbGdvcml0aG0gZm9yIEZpdHRpbmcgRVJHTXMwLnBkZgATAAEvAAAVAAIADv//AACABdIcHR4fWCRjbGFzc2VzWiRjbGFzc25hbWWjHyAhXU5TTXV0YWJsZURhdGFWTlNEYXRhWE5TT2JqZWN0XxA+Li4vUEFQRVJTL0h1bW1lbC9BIFN0ZXBsZW5ndGggQWxnb3JpdGhtIGZvciBGaXR0aW5nIEVSR01zMC5wZGbSHB0kJaIlIVxOU0RpY3Rpb25hcnkSAAGGoF8QD05TS2V5ZWRBcmNoaXZlcgAIABEAFgAfACgAMgA1ADoAPABFAEsAUgBdAGUAbABvAHEAcwB2AHgAegB8AIYAkwCYAKAClgKYAp0CpgKxArUCwwLKAtMDFAMZAxwDKQMuAAAAAAAAAgEAAAAAAAAAKAAAAAAAAAAAAAAAAAAAA0A=}}

@article{Besag:1975,
	Author = {Besag, Julian},
	Date-Added = {2010-03-19 10:48:19 -0500},
	Date-Modified = {2010-03-19 10:49:15 -0500},
	Journal = {The Statistician},
	Pages = {179-195},
	Title = {Statistical Analysis of Non-lattice Data},
	Volume = {24},
	Year = {1975}}

@article{Besag:1977,
	Author = {Besag, Julian},
	Date-Added = {2010-03-19 10:45:04 -0500},
	Date-Modified = {2010-03-19 10:46:01 -0500},
	Journal = {Biometrika},
	Pages = {616-618},
	Title = {Efficiency of Pseudolikelihood Estimation for Simple {G}aussian Fields},
	Volume = {64},
	Year = {1977}}

@article{Shaw:2008,
	Author = {Ruth G. Shaw and Charles J. Geyer and Stuart Wagenius and Helen H. Hangelbroek and Julie R. Etterson},
	Date-Added = {2010-03-13 17:58:41 -0600},
	Date-Modified = {2010-03-13 18:00:31 -0600},
	Journal = {The American Naturalist},
	Month = {July},
	Number = {1},
	Pages = {E35-E47},
	Title = {Unifying Life-History Analyses for Inference of Fitness and Population Growth},
	Volume = {172},
	Year = {2008},
	Bdsk-File-1 = {YnBsaXN0MDDUAQIDBAUIJidUJHRvcFgkb2JqZWN0c1gkdmVyc2lvblkkYXJjaGl2ZXLRBgdUcm9vdIABqAkKFRYXGyIjVSRudWxs0wsMDQ4RFFpOUy5vYmplY3RzV05TLmtleXNWJGNsYXNzog8QgASABqISE4ACgAOAB1lhbGlhc0RhdGFccmVsYXRpdmVQYXRo0hgNGRpXTlMuZGF0YU8RAhYAAAAAAhYAAgAAB3NhaWJvb2sAAAAAAAAAAAAAAAAAAAAAAAAAAMfUUYFIKwAAAA2p9h9VbmlmeWluZyBMaWZlLUhpc3RvcnkjREE5RjcucGRmAAAAAAAAAAAAAAAAAAAAAAAAAAAAAAAAAAAAAAAAAAAADan3x8FT3QAAAAAAAAAAAAEAAwAACSAAAAAAAAAAAAAAAAAAAAAEU2hhdwAQAAgAAMfUl9EAAAARAAgAAMfBqD0AAAABABQADan2AA2ppQANqD4ACEyGAACS8wACAEZzYWlib29rOlVzZXJzOnNhaXB1Y2s6VGFrbzpQQVBFUlM6U2hhdzpVbmlmeWluZyBMaWZlLUhpc3RvcnkjREE5RjcucGRmAA4AeAA7AFUAbgBpAGYAeQBpAG4AZwAgAEwAaQBmAGUALQBIAGkAcwB0AG8AcgB5ACAAQQBuAGEAbAB5AHMAZQBzACAAZgBvAHIAIABJAG4AZgBlAHIAZQBuAGMAZQAgAG8AZgAgAEYAaQB0AG4AZQBzAHMALgBwAGQAZgAPABAABwBzAGEAaQBiAG8AbwBrABIAWlVzZXJzL3NhaXB1Y2svVGFrby9QQVBFUlMvU2hhdy9VbmlmeWluZyBMaWZlLUhpc3RvcnkgQW5hbHlzZXMgZm9yIEluZmVyZW5jZSBvZiBGaXRuZXNzLnBkZgATAAEvAAAVAAIADv//AACABdIcHR4fWCRjbGFzc2VzWiRjbGFzc25hbWWjHyAhXU5TTXV0YWJsZURhdGFWTlNEYXRhWE5TT2JqZWN0XxBKLi4vUEFQRVJTL1NoYXcvVW5pZnlpbmcgTGlmZS1IaXN0b3J5IEFuYWx5c2VzIGZvciBJbmZlcmVuY2Ugb2YgRml0bmVzcy5wZGbSHB0kJaIlIVxOU0RpY3Rpb25hcnkSAAGGoF8QD05TS2V5ZWRBcmNoaXZlcgAIABEAFgAfACgAMgA1ADoAPABFAEsAUgBdAGUAbABvAHEAcwB2AHgAegB8AIYAkwCYAKACugK8AsECygLVAtkC5wLuAvcDRANJA0wDWQNeAAAAAAAAAgEAAAAAAAAAKAAAAAAAAAAAAAAAAAAAA3A=}}

@article{Composite,
	Author = {Saisuke Okabayashi and Leif Johnson and Charles J. Geyer},
	Date-Added = {2010-03-13 13:17:43 -0600},
	Date-Modified = {2010-06-14 13:53:09 -0500},
	Title = {Extending Pseudo-likelihood for {P}otts Models},
	Year = {submitted},
	Bdsk-File-1 = {YnBsaXN0MDDUAQIDBAUIJidUJHRvcFgkb2JqZWN0c1gkdmVyc2lvblkkYXJjaGl2ZXLRBgdUcm9vdIABqAkKFRYXGyIjVSRudWxs0wsMDQ4RFFpOUy5vYmplY3RzV05TLmtleXNWJGNsYXNzog8QgASABqISE4ACgAOAB1lhbGlhc0RhdGFccmVsYXRpdmVQYXRo0hgNGRpXTlMuZGF0YU8RAjoAAAAAAjoAAgAAB3NhaWJvb2sAAAAAAAAAAAAAAAAAAAAAAAAAAMfUUYFIKwAAAA2p6R9BIENvbXBvc2l0ZSBMaWtlbGlob28jREE5RUIucGRmAAAAAAAAAAAAAAAAAAAAAAAAAAAAAAAAAAAAAAAAAAAADanrx8gcZQAAAAAAAAAAAAEAAwAACSAAAAAAAAAAAAAAAAAAAAAKT2thYmF5YXNoaQAQAAgAAMfUl9EAAAARAAgAAMfIYrUAAAABABQADanpAA2ppQANqD4ACEyGAACS8wACAExzYWlib29rOlVzZXJzOnNhaXB1Y2s6VGFrbzpQQVBFUlM6T2thYmF5YXNoaTpBIENvbXBvc2l0ZSBMaWtlbGlob28jREE5RUIucGRmAA4AhABBAEEAIABDAG8AbQBwAG8AcwBpAHQAZQAgAEwAaQBrAGUAbABpAGgAbwBvAGQAIABFAHgAdABlAG4AZABpAG4AZwAgAFAAcwBlAHUAZABvAC0AbABpAGsAZQBsAGkAaABvAG8AZAAgAGYAbwByACAAUABvAHQAdABzADAALgBwAGQAZgAPABAABwBzAGEAaQBiAG8AbwBrABIAZlVzZXJzL3NhaXB1Y2svVGFrby9QQVBFUlMvT2thYmF5YXNoaS9BIENvbXBvc2l0ZSBMaWtlbGlob29kIEV4dGVuZGluZyBQc2V1ZG8tbGlrZWxpaG9vZCBmb3IgUG90dHMwLnBkZgATAAEvAAAVAAIADv//AACABdIcHR4fWCRjbGFzc2VzWiRjbGFzc25hbWWjHyAhXU5TTXV0YWJsZURhdGFWTlNEYXRhWE5TT2JqZWN0XxBWLi4vUEFQRVJTL09rYWJheWFzaGkvQSBDb21wb3NpdGUgTGlrZWxpaG9vZCBFeHRlbmRpbmcgUHNldWRvLWxpa2VsaWhvb2QgZm9yIFBvdHRzMC5wZGbSHB0kJaIlIVxOU0RpY3Rpb25hcnkSAAGGoF8QD05TS2V5ZWRBcmNoaXZlcgAIABEAFgAfACgAMgA1ADoAPABFAEsAUgBdAGUAbABvAHEAcwB2AHgAegB8AIYAkwCYAKAC3gLgAuUC7gL5Av0DCwMSAxsDdAN5A3wDiQOOAAAAAAAAAgEAAAAAAAAAKAAAAAAAAAAAAAAAAAAAA6A=}}

@techreport{Fukuda,
	Author = {Fukuda},
	Date-Added = {2010-03-09 11:54:10 -0600},
	Date-Modified = {2010-03-09 11:55:58 -0600},
	Institution = {Swiss Federal Institute of Technology},
	Title = {Frequently Asked Questions in Polyhedral Computation},
	Url = {http://www.ifor.math.ethz.ch/ ̃fukuda/polyfaq/polyfaq.html},
	Year = {2004},
	Bdsk-File-1 = {YnBsaXN0MDDUAQIDBAUIJidUJHRvcFgkb2JqZWN0c1gkdmVyc2lvblkkYXJjaGl2ZXLRBgdUcm9vdIABqAkKFRYXGyIjVSRudWxs0wsMDQ4RFFpOUy5vYmplY3RzV05TLmtleXNWJGNsYXNzog8QgASABqISE4ACgAOAB1lhbGlhc0RhdGFccmVsYXRpdmVQYXRo0hgNGRpXTlMuZGF0YU8RAXAAAAAAAXAAAgAAB3NhaWJvb2sAAAAAAAAAAAAAAAAAAAAAAAAAAMfUUYFIKwAAAA2ptwlGcmVxdS5wZGYAAAAAAAAAAAAAAAAAAAAAAAAAAAAAAAAAAAAAAAAAAAAAAAAAAAAAAAAAAAAAAAAAAAAAAAAADam4x7lCwwAAAAAAAAAAAAEAAwAACSAAAAAAAAAAAAAAAAAAAAAGRnVrdWRhABAACAAAx9SX0QAAABEACAAAx7mXIwAAAAEAFAANqbcADamlAA2oPgAITIYAAJLzAAIAMnNhaWJvb2s6VXNlcnM6c2FpcHVjazpUYWtvOlBBUEVSUzpGdWt1ZGE6RnJlcXUucGRmAA4AFAAJAEYAcgBlAHEAdQAuAHAAZABmAA8AEAAHAHMAYQBpAGIAbwBvAGsAEgAqVXNlcnMvc2FpcHVjay9UYWtvL1BBUEVSUy9GdWt1ZGEvRnJlcXUucGRmABMAAS8AABUAAgAO//8AAIAF0hwdHh9YJGNsYXNzZXNaJGNsYXNzbmFtZaMfICFdTlNNdXRhYmxlRGF0YVZOU0RhdGFYTlNPYmplY3RfEBouLi9QQVBFUlMvRnVrdWRhL0ZyZXF1LnBkZtIcHSQloiUhXE5TRGljdGlvbmFyeRIAAYagXxAPTlNLZXllZEFyY2hpdmVyAAgAEQAWAB8AKAAyADUAOgA8AEUASwBSAF0AZQBsAG8AcQBzAHYAeAB6AHwAhgCTAJgAoAIUAhYCGwIkAi8CMwJBAkgCUQJuAnMCdgKDAogAAAAAAAACAQAAAAAAAAAoAAAAAAAAAAAAAAAAAAACmg==},
	Bdsk-Url-1 = {http://www.ifor.math.ethz.ch/%20%CC%83fukuda/polyfaq/polyfaq.html}}

@techreport{Geyer:2008,
	Author = {Charles J. Geyer},
	Date-Added = {2010-02-27 12:29:46 -0600},
	Date-Modified = {2010-04-17 13:30:49 -0500},
	Institution = {University of Minnesota},
	Month = {September},
	Number = {672},
	Title = {Supporting Theory and Data Analysis for "{L}ikelihood Inference in Exponential Families and Directions of Recession"},
	Year = {2008},
	Bdsk-File-1 = {YnBsaXN0MDDUAQIDBAUIJidUJHRvcFgkb2JqZWN0c1gkdmVyc2lvblkkYXJjaGl2ZXLRBgdUcm9vdIABqAkKFRYXGyIjVSRudWxs0wsMDQ4RFFpOUy5vYmplY3RzV05TLmtleXNWJGNsYXNzog8QgASABqISE4ACgAOAB1lhbGlhc0RhdGFccmVsYXRpdmVQYXRo0hgNGRpXTlMuZGF0YU8RAhAAAAAAAhAAAgAAB3NhaWJvb2sAAAAAAAAAAAAAAAAAAAAAAAAAAMfUUYFIKwAAAA2puR9TdXBwb3J0aW5nIFRoZW9yeSBhbmQjREE5QzUucGRmAAAAAAAAAAAAAAAAAAAAAAAAAAAAAAAAAAAAAAAAAAAADanFxWQjygAAAAAAAAAAAAEAAwAACSAAAAAAAAAAAAAAAAAAAAAFR2V5ZXIAABAACAAAx9SX0QAAABEACAAAxWR4KgAAAAEAFAANqbkADamlAA2oPgAITIYAAJLzAAIAR3NhaWJvb2s6VXNlcnM6c2FpcHVjazpUYWtvOlBBUEVSUzpHZXllcjpTdXBwb3J0aW5nIFRoZW9yeSBhbmQjREE5QzUucGRmAAAOAHAANwBTAHUAcABwAG8AcgB0AGkAbgBnACAAVABoAGUAbwByAHkAIABhAG4AZAAgAEQAYQB0AGEAIABBAG4AYQBsAHkAcwBpAHMAIABmAG8AcgAgACIATABpAGsAZQBsAGkAaABvAG8AZAAuAHAAZABmAA8AEAAHAHMAYQBpAGIAbwBvAGsAEgBXVXNlcnMvc2FpcHVjay9UYWtvL1BBUEVSUy9HZXllci9TdXBwb3J0aW5nIFRoZW9yeSBhbmQgRGF0YSBBbmFseXNpcyBmb3IgIkxpa2VsaWhvb2QucGRmAAATAAEvAAAVAAIADv//AACABdIcHR4fWCRjbGFzc2VzWiRjbGFzc25hbWWjHyAhXU5TTXV0YWJsZURhdGFWTlNEYXRhWE5TT2JqZWN0XxBHLi4vUEFQRVJTL0dleWVyL1N1cHBvcnRpbmcgVGhlb3J5IGFuZCBEYXRhIEFuYWx5c2lzIGZvciAiTGlrZWxpaG9vZC5wZGbSHB0kJaIlIVxOU0RpY3Rpb25hcnkSAAGGoF8QD05TS2V5ZWRBcmNoaXZlcgAIABEAFgAfACgAMgA1ADoAPABFAEsAUgBdAGUAbABvAHEAcwB2AHgAegB8AIYAkwCYAKACtAK2ArsCxALPAtMC4QLoAvEDOwNAA0MDUANVAAAAAAAAAgEAAAAAAAAAKAAAAAAAAAAAAAAAAAAAA2c=}}

@article{Geyer:gdor,
	Author = {Charles J. Geyer},
	Date-Added = {2010-02-09 13:52:59 -0600},
	Date-Modified = {2010-02-09 13:52:59 -0600},
	Journal = {Electronic Journal of Statistics},
	Pages = {259--289},
	Title = {Likelihood Inference in Exponential Families and Directions of Recession},
	Volume = {3},
	Year = {2009},
	Bdsk-File-1 = {YnBsaXN0MDDUAQIDBAUIJidUJHRvcFgkb2JqZWN0c1gkdmVyc2lvblkkYXJjaGl2ZXLRBgdUcm9vdIABqAkKFRYXGyIjVSRudWxs0wsMDQ4RFFpOUy5vYmplY3RzV05TLmtleXNWJGNsYXNzog8QgASABqISE4ACgAOAB1lhbGlhc0RhdGFccmVsYXRpdmVQYXRo0hgNGRpXTlMuZGF0YU8RAigAAAAAAigAAgAAB3NhaWJvb2sAAAAAAAAAAAAAAAAAAAAAAAAAAMfUUYFIKwAAAA2puR9MaWtlbGlob29kIEluZmVyZW5jZSAjREE5QkUucGRmAAAAAAAAAAAAAAAAAAAAAAAAAAAAAAAAAAAAAAAAAAAADam+x4+OIgAAAAAAAAAAAAEAAwAACSAAAAAAAAAAAAAAAAAAAAAFR2V5ZXIAABAACAAAx9SX0QAAABEACAAAx4/iggAAAAEAFAANqbkADamlAA2oPgAITIYAAJLzAAIAR3NhaWJvb2s6VXNlcnM6c2FpcHVjazpUYWtvOlBBUEVSUzpHZXllcjpMaWtlbGlob29kIEluZmVyZW5jZSAjREE5QkUucGRmAAAOAIAAPwBMAGkAawBlAGwAaQBoAG8AbwBkACAASQBuAGYAZQByAGUAbgBjAGUAIABpAG4AIABFAHgAcABvAG4AZQBuAHQAaQBhAGwAIABGAGEAbQBpAGwAaQBlAHMAIABhAG4AZAAgAEQAaQByAGUAYwB0AGkAbwBuAHMALgBwAGQAZgAPABAABwBzAGEAaQBiAG8AbwBrABIAX1VzZXJzL3NhaXB1Y2svVGFrby9QQVBFUlMvR2V5ZXIvTGlrZWxpaG9vZCBJbmZlcmVuY2UgaW4gRXhwb25lbnRpYWwgRmFtaWxpZXMgYW5kIERpcmVjdGlvbnMucGRmAAATAAEvAAAVAAIADv//AACABdIcHR4fWCRjbGFzc2VzWiRjbGFzc25hbWWjHyAhXU5TTXV0YWJsZURhdGFWTlNEYXRhWE5TT2JqZWN0XxBPLi4vUEFQRVJTL0dleWVyL0xpa2VsaWhvb2QgSW5mZXJlbmNlIGluIEV4cG9uZW50aWFsIEZhbWlsaWVzIGFuZCBEaXJlY3Rpb25zLnBkZtIcHSQloiUhXE5TRGljdGlvbmFyeRIAAYagXxAPTlNLZXllZEFyY2hpdmVyAAgAEQAWAB8AKAAyADUAOgA8AEUASwBSAF0AZQBsAG8AcQBzAHYAeAB6AHwAhgCTAJgAoALMAs4C0wLcAucC6wL5AwADCQNbA2ADYwNwA3UAAAAAAAACAQAAAAAAAAAoAAAAAAAAAAAAAAAAAAADhw==}}

@article{Rinaldo:2009,
	Author = {Rinaldo, Alessandro and Fienberg, Stephen E. and Zhou, Yi},
	Date-Added = {2010-01-24 22:16:43 -0600},
	Date-Modified = {2010-01-24 22:16:43 -0600},
	Journal = {Electronic Journal of Statistics},
	Pages = {446--484},
	Title = {On the geometry of discrete Exponential Families with Application to Exponential Random Graph Models},
	Volume = {3},
	Year = {2009},
	Bdsk-File-1 = {YnBsaXN0MDDUAQIDBAUIJidUJHRvcFgkb2JqZWN0c1gkdmVyc2lvblkkYXJjaGl2ZXLRBgdUcm9vdIABqAkKFRYXGyIjVSRudWxs0wsMDQ4RFFpOUy5vYmplY3RzV05TLmtleXNWJGNsYXNzog8QgASABqISE4ACgAOAB1lhbGlhc0RhdGFccmVsYXRpdmVQYXRo0hgNGRpXTlMuZGF0YU8RAhwAAAAAAhwAAgAAB3NhaWJvb2sAAAAAAAAAAAAAAAAAAAAAAAAAAMfUUYFIKwAAAA2p7x9PbiB0aGUgZ2VvbWV0cnkgb2YgZGkjREE5RjEucGRmAAAAAAAAAAAAAAAAAAAAAAAAAAAAAAAAAAAAAAAAAAAADanxxnEu1QAAAAAAAAAAAAEAAwAACSAAAAAAAAAAAAAAAAAAAAAHUmluYWxkbwAAEAAIAADH1JfRAAAAEQAIAADGcXUlAAAAAQAUAA2p7wANqaUADag+AAhMhgAAkvMAAgBJc2FpYm9vazpVc2VyczpzYWlwdWNrOlRha286UEFQRVJTOlJpbmFsZG86T24gdGhlIGdlb21ldHJ5IG9mIGRpI0RBOUYxLnBkZgAADgB0ADkATwBuACAAdABoAGUAIABnAGUAbwBtAGUAdAByAHkAIABvAGYAIABkAGkAcwBjAHIAZQB0AGUAIABFAHgAcABvAG4AZQBuAHQAaQBhAGwAIABGAGEAbQBpAGwAaQBlAHMAIAB3AGkAdABoAC4AcABkAGYADwAQAAcAcwBhAGkAYgBvAG8AawASAFtVc2Vycy9zYWlwdWNrL1Rha28vUEFQRVJTL1JpbmFsZG8vT24gdGhlIGdlb21ldHJ5IG9mIGRpc2NyZXRlIEV4cG9uZW50aWFsIEZhbWlsaWVzIHdpdGgucGRmAAATAAEvAAAVAAIADv//AACABdIcHR4fWCRjbGFzc2VzWiRjbGFzc25hbWWjHyAhXU5TTXV0YWJsZURhdGFWTlNEYXRhWE5TT2JqZWN0XxBLLi4vUEFQRVJTL1JpbmFsZG8vT24gdGhlIGdlb21ldHJ5IG9mIGRpc2NyZXRlIEV4cG9uZW50aWFsIEZhbWlsaWVzIHdpdGgucGRm0hwdJCWiJSFcTlNEaWN0aW9uYXJ5EgABhqBfEA9OU0tleWVkQXJjaGl2ZXIACAARABYAHwAoADIANQA6ADwARQBLAFIAXQBlAGwAbwBxAHMAdgB4AHoAfACGAJMAmACgAsACwgLHAtAC2wLfAu0C9AL9A0sDUANTA2ADZQAAAAAAAAIBAAAAAAAAACgAAAAAAAAAAAAAAAAAAAN3}}

@techreport{Rinaldo:2006,
	Author = {Rinaldo, Alessandro},
	Date-Added = {2010-01-24 22:16:39 -0600},
	Date-Modified = {2010-01-24 22:16:39 -0600},
	Institution = {Carnegie Mellon University},
	Number = {833},
	Title = {On Maximum Likelihood Estimation in Log-Linear Models},
	Type = {Technical Report},
	Year = {2006},
	Bdsk-File-1 = {YnBsaXN0MDDUAQIDBAUIJidUJHRvcFgkb2JqZWN0c1gkdmVyc2lvblkkYXJjaGl2ZXLRBgdUcm9vdIABqAkKFRYXGyIjVSRudWxs0wsMDQ4RFFpOUy5vYmplY3RzV05TLmtleXNWJGNsYXNzog8QgASABqISE4ACgAOAB1lhbGlhc0RhdGFccmVsYXRpdmVQYXRo0hgNGRpXTlMuZGF0YU8RAhwAAAAAAhwAAgAAB3NhaWJvb2sAAAAAAAAAAAAAAAAAAAAAAAAAAMfUUYFIKwAAAA2p7x9PbiBNYXhpbXVtIExpa2VsaWhvb2QjREE5RjAucGRmAAAAAAAAAAAAAAAAAAAAAAAAAAAAAAAAAAAAAAAAAAAADanwx15iKQAAAAAAAAAAAAEAAwAACSAAAAAAAAAAAAAAAAAAAAAHUmluYWxkbwAAEAAIAADH1JfRAAAAEQAIAADHXraJAAAAAQAUAA2p7wANqaUADag+AAhMhgAAkvMAAgBJc2FpYm9vazpVc2VyczpzYWlwdWNrOlRha286UEFQRVJTOlJpbmFsZG86T24gTWF4aW11bSBMaWtlbGlob29kI0RBOUYwLnBkZgAADgB0ADkATwBuACAATQBhAHgAaQBtAHUAbQAgAEwAaQBrAGUAbABpAGgAbwBvAGQAIABFAHMAdABpAG0AYQB0AGkAbwBuACAAaQBuACAATABvAGcALQBMAGkAbgBlAGEAcgAgAE0AbwBkAGUAbABzAC4AcABkAGYADwAQAAcAcwBhAGkAYgBvAG8AawASAFtVc2Vycy9zYWlwdWNrL1Rha28vUEFQRVJTL1JpbmFsZG8vT24gTWF4aW11bSBMaWtlbGlob29kIEVzdGltYXRpb24gaW4gTG9nLUxpbmVhciBNb2RlbHMucGRmAAATAAEvAAAVAAIADv//AACABdIcHR4fWCRjbGFzc2VzWiRjbGFzc25hbWWjHyAhXU5TTXV0YWJsZURhdGFWTlNEYXRhWE5TT2JqZWN0XxBLLi4vUEFQRVJTL1JpbmFsZG8vT24gTWF4aW11bSBMaWtlbGlob29kIEVzdGltYXRpb24gaW4gTG9nLUxpbmVhciBNb2RlbHMucGRm0hwdJCWiJSFcTlNEaWN0aW9uYXJ5EgABhqBfEA9OU0tleWVkQXJjaGl2ZXIACAARABYAHwAoADIANQA6ADwARQBLAFIAXQBlAGwAbwBxAHMAdgB4AHoAfACGAJMAmACgAsACwgLHAtAC2wLfAu0C9AL9A0sDUANTA2ADZQAAAAAAAAIBAAAAAAAAACgAAAAAAAAAAAAAAAAAAAN3}}

@article{Brooks:1998,
	Author = {Brooks, Stephen P.},
	Date-Added = {2010-01-24 22:15:26 -0600},
	Date-Modified = {2010-02-09 21:22:51 -0600},
	Journal = {Journal of the Royal Statistical Society, {\rm Series D}},
	Number = {1},
	Pages = {69--100},
	Title = {Markov Chain {M}onte {C}arlo Method and Its Application},
	Volume = {47},
	Year = {1998},
	Bdsk-File-1 = {YnBsaXN0MDDUAQIDBAUIJidUJHRvcFgkb2JqZWN0c1gkdmVyc2lvblkkYXJjaGl2ZXLRBgdUcm9vdIABqAkKFRYXGyIjVSRudWxs0wsMDQ4RFFpOUy5vYmplY3RzV05TLmtleXNWJGNsYXNzog8QgASABqISE4ACgAOAB1lhbGlhc0RhdGFccmVsYXRpdmVQYXRo0hgNGRpXTlMuZGF0YU8RAdQAAAAAAdQAAgAAB3NhaWJvb2sAAAAAAAAAAAAAAAAAAAAAAAAAAMfUUYFIKwAAAA2prR9NYXJrb3YgQ2hhaW4gTW9udGUgQ2EjREE5QUUucGRmAAAAAAAAAAAAAAAAAAAAAAAAAAAAAAAAAAAAAAAAAAAADamuxnEwSQAAAAAAAAAAAAEAAwAACSAAAAAAAAAAAAAAAAAAAAAGQnJvb2tzABAACAAAx9SX0QAAABEACAAAxnF2mQAAAAEAFAANqa0ADamlAA2oPgAITIYAAJLzAAIASHNhaWJvb2s6VXNlcnM6c2FpcHVjazpUYWtvOlBBUEVSUzpCcm9va3M6TWFya292IENoYWluIE1vbnRlIENhI0RBOUFFLnBkZgAOAEgAIwBNAGEAcgBrAG8AdgAgAEMAaABhAGkAbgAgAE0AbwBuAHQAZQAgAEMAYQByAGwAbwAgAE0AZQB0AGgAbwBkAC4AcABkAGYADwAQAAcAcwBhAGkAYgBvAG8AawASAERVc2Vycy9zYWlwdWNrL1Rha28vUEFQRVJTL0Jyb29rcy9NYXJrb3YgQ2hhaW4gTW9udGUgQ2FybG8gTWV0aG9kLnBkZgATAAEvAAAVAAIADv//AACABdIcHR4fWCRjbGFzc2VzWiRjbGFzc25hbWWjHyAhXU5TTXV0YWJsZURhdGFWTlNEYXRhWE5TT2JqZWN0XxA0Li4vUEFQRVJTL0Jyb29rcy9NYXJrb3YgQ2hhaW4gTW9udGUgQ2FybG8gTWV0aG9kLnBkZtIcHSQloiUhXE5TRGljdGlvbmFyeRIAAYagXxAPTlNLZXllZEFyY2hpdmVyAAgAEQAWAB8AKAAyADUAOgA8AEUASwBSAF0AZQBsAG8AcQBzAHYAeAB6AHwAhgCTAJgAoAJ4AnoCfwKIApMClwKlAqwCtQLsAvEC9AMBAwYAAAAAAAACAQAAAAAAAAAoAAAAAAAAAAAAAAAAAAADGA==}}

@article{Geyer:1995,
	Author = {Geyer, Charles J. and Thompson, Elizabeth A.},
	Date-Added = {2010-01-24 22:14:48 -0600},
	Date-Modified = {2010-02-09 21:22:31 -0600},
	Journal = {Journal of the American Statistical Association},
	Number = {431},
	Pages = {909--920},
	Title = {Annealing {M}arkov chain {M}onte {C}arlo with applications to ancestral inference},
	Volume = {90},
	Year = {1995},
	Bdsk-File-1 = {YnBsaXN0MDDUAQIDBAUIJidUJHRvcFgkb2JqZWN0c1gkdmVyc2lvblkkYXJjaGl2ZXLRBgdUcm9vdIABqAkKFRYXGyIjVSRudWxs0wsMDQ4RFFpOUy5vYmplY3RzV05TLmtleXNWJGNsYXNzog8QgASABqISE4ACgAOAB1lhbGlhc0RhdGFccmVsYXRpdmVQYXRo0hgNGRpXTlMuZGF0YU8RAdwAAAAAAdwAAgAAB3NhaWJvb2sAAAAAAAAAAAAAAAAAAAAAAAAAAMfUUYFIKwAAAA2puR9Bbm5lYWxpbmcgTWFya292IGNoYWkjREE5QkIucGRmAAAAAAAAAAAAAAAAAAAAAAAAAAAAAAAAAAAAAAAAAAAADam7xnEslgAAAAAAAAAAAAEAAwAACSAAAAAAAAAAAAAAAAAAAAAFR2V5ZXIAABAACAAAx9SX0QAAABEACAAAxnFy5gAAAAEAFAANqbkADamlAA2oPgAITIYAAJLzAAIAR3NhaWJvb2s6VXNlcnM6c2FpcHVjazpUYWtvOlBBUEVSUzpHZXllcjpBbm5lYWxpbmcgTWFya292IGNoYWkjREE5QkIucGRmAAAOAE4AJgBBAG4AbgBlAGEAbABpAG4AZwAgAE0AYQByAGsAbwB2ACAAYwBoAGEAaQBuACAATQBvAG4AdABlACAAQwBhAHIAbABvAC4AcABkAGYADwAQAAcAcwBhAGkAYgBvAG8AawASAEZVc2Vycy9zYWlwdWNrL1Rha28vUEFQRVJTL0dleWVyL0FubmVhbGluZyBNYXJrb3YgY2hhaW4gTW9udGUgQ2FybG8ucGRmABMAAS8AABUAAgAO//8AAIAF0hwdHh9YJGNsYXNzZXNaJGNsYXNzbmFtZaMfICFdTlNNdXRhYmxlRGF0YVZOU0RhdGFYTlNPYmplY3RfEDYuLi9QQVBFUlMvR2V5ZXIvQW5uZWFsaW5nIE1hcmtvdiBjaGFpbiBNb250ZSBDYXJsby5wZGbSHB0kJaIlIVxOU0RpY3Rpb25hcnkSAAGGoF8QD05TS2V5ZWRBcmNoaXZlcgAIABEAFgAfACgAMgA1ADoAPABFAEsAUgBdAGUAbABvAHEAcwB2AHgAegB8AIYAkwCYAKACgAKCAocCkAKbAp8CrQK0Ar0C9gL7Av4DCwMQAAAAAAAAAgEAAAAAAAAAKAAAAAAAAAAAAAAAAAAAAyI=}}

@article{statnet-tutorial,
	Author = {Goodreau, Steven M. and Handcock, Mark S. and Hunter, David R. and Butts, Carter T. and Morris, Martina},
	Date-Added = {2010-01-24 22:14:19 -0600},
	Date-Modified = {2010-01-24 22:14:19 -0600},
	Journal = {Journal of Statistical Software},
	Number = {9},
	Title = {A statnet Tutorial},
	Url = {http://www.jstatsoft.org/v24/i09},
	Volume = {24},
	Year = {2008},
	Bdsk-File-1 = {YnBsaXN0MDDUAQIDBAUIJidUJHRvcFgkb2JqZWN0c1gkdmVyc2lvblkkYXJjaGl2ZXLRBgdUcm9vdIABqAkKFRYXGyIjVSRudWxs0wsMDQ4RFFpOUy5vYmplY3RzV05TLmtleXNWJGNsYXNzog8QgASABqISE4ACgAOAB1lhbGlhc0RhdGFccmVsYXRpdmVQYXRo0hgNGRpXTlMuZGF0YU8RAawAAAAAAawAAgAAB3NhaWJvb2sAAAAAAAAAAAAAAAAAAAAAAAAAAMfUUYFIKwAAAA2pyxZBIHN0YXRuZXQgVHV0b3JpYWwucGRmAAAAAAAAAAAAAAAAAAAAAAAAAAAAAAAAAAAAAAAAAAAAAAAAAAAAAAAADanMx4CS/QAAAAAAAAAAAAEAAwAACSAAAAAAAAAAAAAAAAAAAAAIR29vZHJlYXUAEAAIAADH1JfRAAAAEQAIAADHgOddAAAAAQAUAA2pywANqaUADag+AAhMhgAAkvMAAgBBc2FpYm9vazpVc2VyczpzYWlwdWNrOlRha286UEFQRVJTOkdvb2RyZWF1OkEgc3RhdG5ldCBUdXRvcmlhbC5wZGYAAA4ALgAWAEEAIABzAHQAYQB0AG4AZQB0ACAAVAB1AHQAbwByAGkAYQBsAC4AcABkAGYADwAQAAcAcwBhAGkAYgBvAG8AawASADlVc2Vycy9zYWlwdWNrL1Rha28vUEFQRVJTL0dvb2RyZWF1L0Egc3RhdG5ldCBUdXRvcmlhbC5wZGYAABMAAS8AABUAAgAO//8AAIAF0hwdHh9YJGNsYXNzZXNaJGNsYXNzbmFtZaMfICFdTlNNdXRhYmxlRGF0YVZOU0RhdGFYTlNPYmplY3RfECkuLi9QQVBFUlMvR29vZHJlYXUvQSBzdGF0bmV0IFR1dG9yaWFsLnBkZtIcHSQloiUhXE5TRGljdGlvbmFyeRIAAYagXxAPTlNLZXllZEFyY2hpdmVyAAgAEQAWAB8AKAAyADUAOgA8AEUASwBSAF0AZQBsAG8AcQBzAHYAeAB6AHwAhgCTAJgAoAJQAlICVwJgAmsCbwJ9AoQCjQK5Ar4CwQLOAtMAAAAAAAACAQAAAAAAAAAoAAAAAAAAAAAAAAAAAAAC5Q==},
	Bdsk-Url-1 = {http://www.jstatsoft.org/v24/i09}}

@book{Rockafellar:1970,
	Author = {Rockafellar, R. Tyrell},
	Date-Added = {2009-04-22 20:58:01 -0500},
	Date-Modified = {2009-04-22 20:58:48 -0500},
	Publisher = {Princeton University Press},
	Title = {Convex Analysis},
	Year = {1970}}

@book{tsh,
	Annote = {http://books.google.com/books?id=IlJE_9_e8UEC},
	Author = {Lehmann, E. L. and Romano, Joseph P.},
	Date-Added = {2009-04-21 13:59:51 -0500},
	Date-Modified = {2009-04-21 20:08:20 -0500},
	Edition = {3rd},
	Publisher = {Springer},
	Title = {Testing Statistical Hypotheses},
	Year = {2005}}

@article{statnet:R,
	Address = {Seattle, WA},
	Author = {Handcock, Mark S. and Hunter, David R. and Butts, Carter T. and Goodreau, Steven M. and Morris, Martina},
	Date-Added = {2009-04-08 19:21:39 -0500},
	Date-Modified = {2010-06-10 17:18:44 -0500},
	Note = {Version 2.0. Project home page at {http://statnetproject.org}},
	Title = {\texttt{statnet}: Software Tools for the Statistical Modeling of Network Data},
	Url = {http://CRAN.R-project.org/package=statnet},
	Year = {2003},
	Bdsk-Url-1 = {http://CRAN.R-project.org/package=statnet}}

@article{Duijn:2009,
	Author = {van Duijn, Marijtje A. J. and Gile, Krista J. and Handcock, Mark S.},
	Date-Added = {2009-03-16 14:15:43 -0500},
	Date-Modified = {2009-03-16 14:53:03 -0500},
	Journal = {Social Networks},
	Keywords = {MPLE},
	Number = {1},
	Pages = {52-62},
	Rating = {5},
	Title = {A framework for the comparison of maximum pseudo-likelihood and maximum likelihood estimation of exponential family random graph models},
	Volume = {31},
	Year = {2009},
	Bdsk-File-1 = {YnBsaXN0MDDUAQIDBAUIJidUJHRvcFgkb2JqZWN0c1gkdmVyc2lvblkkYXJjaGl2ZXLRBgdUcm9vdIABqAkKFRYXGyIjVSRudWxs0wsMDQ4RFFpOUy5vYmplY3RzV05TLmtleXNWJGNsYXNzog8QgASABqISE4ACgAOAB1lhbGlhc0RhdGFccmVsYXRpdmVQYXRo0hgNGRpXTlMuZGF0YU8RAkwAAAAAAkwAAgAAB3NhaWJvb2sAAAAAAAAAAAAAAAAAAAAAAAAAAMfUUYFIKwAAAA2psR9BIGZyYW1ld29yayBmb3IgdGhlIGMjREE5QjIucGRmAAAAAAAAAAAAAAAAAAAAAAAAAAAAAAAAAAAAAAAAAAAADamyxeQPJwAAAAAAAAAAAAEAAwAACSAAAAAAAAAAAAAAAAAAAAAFRHVpam4AABAACAAAx9SX0QAAABEACAAAxeRVdwAAAAEAFAANqbEADamlAA2oPgAITIYAAJLzAAIAR3NhaWJvb2s6VXNlcnM6c2FpcHVjazpUYWtvOlBBUEVSUzpEdWlqbjpBIGZyYW1ld29yayBmb3IgdGhlIGMjREE5QjIucGRmAAAOAJgASwBBACAAZgByAGEAbQBlAHcAbwByAGsAIABmAG8AcgAgAHQAaABlACAAYwBvAG0AcABhAHIAaQBzAG8AbgAgAG8AZgAgAG0AYQB4AGkAbQB1AG0AIABwAHMAZQB1AGQAbwAtAGwAaQBrAGUAbABpAGgAbwBvAGQAIABhAG4AZAAgAG0AYQB4AGkAbQB1AG0ALgBwAGQAZgAPABAABwBzAGEAaQBiAG8AbwBrABIAa1VzZXJzL3NhaXB1Y2svVGFrby9QQVBFUlMvRHVpam4vQSBmcmFtZXdvcmsgZm9yIHRoZSBjb21wYXJpc29uIG9mIG1heGltdW0gcHNldWRvLWxpa2VsaWhvb2QgYW5kIG1heGltdW0ucGRmAAATAAEvAAAVAAIADv//AACABdIcHR4fWCRjbGFzc2VzWiRjbGFzc25hbWWjHyAhXU5TTXV0YWJsZURhdGFWTlNEYXRhWE5TT2JqZWN0XxBbLi4vUEFQRVJTL0R1aWpuL0EgZnJhbWV3b3JrIGZvciB0aGUgY29tcGFyaXNvbiBvZiBtYXhpbXVtIHBzZXVkby1saWtlbGlob29kIGFuZCBtYXhpbXVtLnBkZtIcHSQloiUhXE5TRGljdGlvbmFyeRIAAYagXxAPTlNLZXllZEFyY2hpdmVyAAgAEQAWAB8AKAAyADUAOgA8AEUASwBSAF0AZQBsAG8AcQBzAHYAeAB6AHwAhgCTAJgAoALwAvIC9wMAAwsDDwMdAyQDLQOLA5ADkwOgA6UAAAAAAAACAQAAAAAAAAAoAAAAAAAAAAAAAAAAAAADtw==}}

@unpublished{Knoke:2007,
	Author = {Knoke, David},
	Date-Added = {2009-01-15 10:57:54 -0600},
	Date-Modified = {2009-01-15 10:59:06 -0600},
	Title = {Lecture Notes for Sociology 8412: Social Network Analysis},
	Year = {2007}}

@unpublished{Geyer:2001,
	Author = {Geyer, Charles J.},
	Date-Added = {2009-01-12 17:35:40 -0600},
	Date-Modified = {2009-01-12 17:36:39 -0600},
	Title = {Lecture Notes on Inequality Constrained Statistical Inference},
	Year = {2001}}

@book{Rockafellar,
	Address = {Berlin},
	Author = {Rockafellar, R. Tyrell and Wets, Roger J-B},
	Date-Added = {2009-01-06 11:16:09 -0500},
	Date-Modified = {2010-06-14 14:00:25 -0500},
	Publisher = {Springer-Verlag},
	Series = {corrected second printing},
	Title = {Variational Analysis},
	Year = {2004}}

@article{Geyer:1994,
	Author = {Geyer, Charles J.},
	Date-Added = {2008-12-30 12:23:05 -0500},
	Date-Modified = {2008-12-30 12:45:34 -0500},
	Journal = {Journal of the Royal Statistical Society, {\rm Series B}},
	Number = {1},
	Pages = {261-274},
	Title = {On the convergence of Monte Carlo maximum likelihood calculations},
	Volume = {56},
	Year = {1994},
	Bdsk-File-1 = {YnBsaXN0MDDUAQIDBAUIJidUJHRvcFgkb2JqZWN0c1gkdmVyc2lvblkkYXJjaGl2ZXLRBgdUcm9vdIABqAkKFRYXGyIjVSRudWxs0wsMDQ4RFFpOUy5vYmplY3RzV05TLmtleXNWJGNsYXNzog8QgASABqISE4ACgAOAB1lhbGlhc0RhdGFccmVsYXRpdmVQYXRo0hgNGRpXTlMuZGF0YU8RAhYAAAAAAhYAAgAAB3NhaWJvb2sAAAAAAAAAAAAAAAAAAAAAAAAAAMfUUYFIKwAAAA2puR9PbiB0aGUgY29udmVyZ2VuY2Ugb2YjREE5QzMucGRmAAAAAAAAAAAAAAAAAAAAAAAAAAAAAAAAAAAAAAAAAAAADanDxX+6UgAAAAAAAAAAAAEAAwAACSAAAAAAAAAAAAAAAAAAAAAFR2V5ZXIAABAACAAAx9SX0QAAABEACAAAxYAOsgAAAAEAFAANqbkADamlAA2oPgAITIYAAJLzAAIAR3NhaWJvb2s6VXNlcnM6c2FpcHVjazpUYWtvOlBBUEVSUzpHZXllcjpPbiB0aGUgY29udmVyZ2VuY2Ugb2YjREE5QzMucGRmAAAOAHQAOQBPAG4AIAB0AGgAZQAgAGMAbwBuAHYAZQByAGcAZQBuAGMAZQAgAG8AZgAgAE0AbwBuAHQAZQAgAEMAYQByAGwAbwAgAG0AYQB4AGkAbQB1AG0AIABsAGkAawBlAGwAaQBoAG8AbwBkADAALgBwAGQAZgAPABAABwBzAGEAaQBiAG8AbwBrABIAWVVzZXJzL3NhaXB1Y2svVGFrby9QQVBFUlMvR2V5ZXIvT24gdGhlIGNvbnZlcmdlbmNlIG9mIE1vbnRlIENhcmxvIG1heGltdW0gbGlrZWxpaG9vZDAucGRmAAATAAEvAAAVAAIADv//AACABdIcHR4fWCRjbGFzc2VzWiRjbGFzc25hbWWjHyAhXU5TTXV0YWJsZURhdGFWTlNEYXRhWE5TT2JqZWN0XxBJLi4vUEFQRVJTL0dleWVyL09uIHRoZSBjb252ZXJnZW5jZSBvZiBNb250ZSBDYXJsbyBtYXhpbXVtIGxpa2VsaWhvb2QwLnBkZtIcHSQloiUhXE5TRGljdGlvbmFyeRIAAYagXxAPTlNLZXllZEFyY2hpdmVyAAgAEQAWAB8AKAAyADUAOgA8AEUASwBSAF0AZQBsAG8AcQBzAHYAeAB6AHwAhgCTAJgAoAK6ArwCwQLKAtUC2QLnAu4C9wNDA0gDSwNYA10AAAAAAAACAQAAAAAAAAAoAAAAAAAAAAAAAAAAAAADbw==}}

@phdthesis{Geyer:1990,
	Address = {http://purl.umn.edu/56330},
	Author = {Geyer, Charles J.},
	Date-Added = {2008-12-28 19:39:32 -0500},
	Date-Modified = {2010-05-21 11:12:09 -0500},
	School = {University of Washington},
	Title = {Likelihood and Exponential Families},
	Url = {http://purl.umn.edu/56330},
	Year = {1990},
	Bdsk-File-1 = {YnBsaXN0MDDUAQIDBAUIJidUJHRvcFgkb2JqZWN0c1gkdmVyc2lvblkkYXJjaGl2ZXLRBgdUcm9vdIABqAkKFRYXGyIjVSRudWxs0wsMDQ4RFFpOUy5vYmplY3RzV05TLmtleXNWJGNsYXNzog8QgASABqISE4ACgAOAB1lhbGlhc0RhdGFccmVsYXRpdmVQYXRo0hgNGRpXTlMuZGF0YU8RAeAAAAAAAeAAAgAAB3NhaWJvb2sAAAAAAAAAAAAAAAAAAAAAAAAAAMfUUYFIKwAAAA2puR9MaWtlbGlob29kIGFuZCBFeHBvbmUjREE5QkQucGRmAAAAAAAAAAAAAAAAAAAAAAAAAAAAAAAAAAAAAAAAAAAADam9xgomUwAAAAAAAAAAAAEAAwAACSAAAAAAAAAAAAAAAAAAAAAFR2V5ZXIAABAACAAAx9SX0QAAABEACAAAxgpsowAAAAEAFAANqbkADamlAA2oPgAITIYAAJLzAAIAR3NhaWJvb2s6VXNlcnM6c2FpcHVjazpUYWtvOlBBUEVSUzpHZXllcjpMaWtlbGlob29kIGFuZCBFeHBvbmUjREE5QkQucGRmAAAOAFAAJwBMAGkAawBlAGwAaQBoAG8AbwBkACAAYQBuAGQAIABFAHgAcABvAG4AZQBuAHQAaQBhAGwAIABGAGEAbQBpAGwAaQBlAHMALgBwAGQAZgAPABAABwBzAGEAaQBiAG8AbwBrABIAR1VzZXJzL3NhaXB1Y2svVGFrby9QQVBFUlMvR2V5ZXIvTGlrZWxpaG9vZCBhbmQgRXhwb25lbnRpYWwgRmFtaWxpZXMucGRmAAATAAEvAAAVAAIADv//AACABdIcHR4fWCRjbGFzc2VzWiRjbGFzc25hbWWjHyAhXU5TTXV0YWJsZURhdGFWTlNEYXRhWE5TT2JqZWN0XxA3Li4vUEFQRVJTL0dleWVyL0xpa2VsaWhvb2QgYW5kIEV4cG9uZW50aWFsIEZhbWlsaWVzLnBkZtIcHSQloiUhXE5TRGljdGlvbmFyeRIAAYagXxAPTlNLZXllZEFyY2hpdmVyAAgAEQAWAB8AKAAyADUAOgA8AEUASwBSAF0AZQBsAG8AcQBzAHYAeAB6AHwAhgCTAJgAoAKEAoYCiwKUAp8CowKxArgCwQL7AwADAwMQAxUAAAAAAAACAQAAAAAAAAAoAAAAAAAAAAAAAAAAAAADJw==},
	Bdsk-Url-1 = {http://purl.umn.edu/56330}}

@book{Barndorff,
	Author = {Barndorff-Nielsen, Ole},
	Date-Added = {2008-12-24 22:25:20 -0500},
	Date-Modified = {2008-12-24 22:27:37 -0500},
	Publisher = {John Wiley \& Sons},
	Title = {Information and Exponential Families in Statistical Theory},
	Year = {1978}}

@techreport{Geyer:2009,
	Author = {Charles J. Geyer},
	Date-Added = {2008-12-09 16:58:29 -0600},
	Date-Modified = {2010-03-07 10:40:46 -0600},
	Institution = {University of Minnesota},
	Month = {March},
	Number = {673},
	Title = {More Supporting Theory and Data Analysis for "Likelihood Inference in Exponential Families and Directions of Recession"},
	Year = {2009},
	Bdsk-File-1 = {YnBsaXN0MDDUAQIDBAUIJidUJHRvcFgkb2JqZWN0c1gkdmVyc2lvblkkYXJjaGl2ZXLRBgdUcm9vdIABqAkKFRYXGyIjVSRudWxs0wsMDQ4RFFpOUy5vYmplY3RzV05TLmtleXNWJGNsYXNzog8QgASABqISE4ACgAOAB1lhbGlhc0RhdGFccmVsYXRpdmVQYXRo0hgNGRpXTlMuZGF0YU8RAe4AAAAAAe4AAgAAB3NhaWJvb2sAAAAAAAAAAAAAAAAAAAAAAAAAAMfUUYFIKwAAAA2puR9Nb3JlIFN1cHBvcnRpbmcgVGhlb3IjREE5QzEucGRmAAAAAAAAAAAAAAAAAAAAAAAAAAAAAAAAAAAAAAAAAAAADanBx4+NzgAAAAAAAAAAAAEAAwAACSAAAAAAAAAAAAAAAAAAAAAFR2V5ZXIAABAACAAAx9SX0QAAABEACAAAx4/iLgAAAAEAFAANqbkADamlAA2oPgAITIYAAJLzAAIAR3NhaWJvb2s6VXNlcnM6c2FpcHVjazpUYWtvOlBBUEVSUzpHZXllcjpNb3JlIFN1cHBvcnRpbmcgVGhlb3IjREE5QzEucGRmAAAOAFoALABNAG8AcgBlACAAUwB1AHAAcABvAHIAdABpAG4AZwAgAFQAaABlAG8AcgB5ACAAYQBuAGQAIABEAGEAdABhACAAQQBuAGEAbAB5AHMAaQBzAC4AcABkAGYADwAQAAcAcwBhAGkAYgBvAG8AawASAExVc2Vycy9zYWlwdWNrL1Rha28vUEFQRVJTL0dleWVyL01vcmUgU3VwcG9ydGluZyBUaGVvcnkgYW5kIERhdGEgQW5hbHlzaXMucGRmABMAAS8AABUAAgAO//8AAIAF0hwdHh9YJGNsYXNzZXNaJGNsYXNzbmFtZaMfICFdTlNNdXRhYmxlRGF0YVZOU0RhdGFYTlNPYmplY3RfEDwuLi9QQVBFUlMvR2V5ZXIvTW9yZSBTdXBwb3J0aW5nIFRoZW9yeSBhbmQgRGF0YSBBbmFseXNpcy5wZGbSHB0kJaIlIVxOU0RpY3Rpb25hcnkSAAGGoF8QD05TS2V5ZWRBcmNoaXZlcgAIABEAFgAfACgAMgA1ADoAPABFAEsAUgBdAGUAbABvAHEAcwB2AHgAegB8AIYAkwCYAKACkgKUApkCogKtArECvwLGAs8DDgMTAxYDIwMoAAAAAAAAAgEAAAAAAAAAKAAAAAAAAAAAAAAAAAAAAzo=}}

@unpublished{Shewchuk:1994,
	Author = {Jonathan Richard Shewchuk},
	Date-Added = {2008-10-21 12:19:27 -0500},
	Date-Modified = {2008-10-21 12:22:14 -0500},
	Institution = {Carnegie Mellon University},
	Keywords = {Conjugate gradient, optimization},
	Month = {August},
	Title = {An Introduction to Conjugate Gradient Method Without the Agonizing Pain},
	Year = {1994},
	Bdsk-File-1 = {YnBsaXN0MDDUAQIDBAUIJidUJHRvcFgkb2JqZWN0c1gkdmVyc2lvblkkYXJjaGl2ZXLRBgdUcm9vdIABqAkKFRYXGyIjVSRudWxs0wsMDQ4RFFpOUy5vYmplY3RzV05TLmtleXNWJGNsYXNzog8QgASABqISE4ACgAOAB1lhbGlhc0RhdGFccmVsYXRpdmVQYXRo0hgNGRpXTlMuZGF0YU8RAhoAAAAAAhoAAgAAB3NhaWJvb2sAAAAAAAAAAAAAAAAAAAAAAAAAAMfUUYFIKwAAAA2p+B9BbiBJbnRyb2R1Y3Rpb24gdG8gQ28jREE5RjkucGRmAAAAAAAAAAAAAAAAAAAAAAAAAAAAAAAAAAAAAAAAAAAADan5xNMu1AAAAAAAAAAAAAEAAwAACSAAAAAAAAAAAAAAAAAAAAAIU2hld2NodWsAEAAIAADH1JfRAAAAEQAIAADE03UkAAAAAQAUAA2p+AANqaUADag+AAhMhgAAkvMAAgBKc2FpYm9vazpVc2VyczpzYWlwdWNrOlRha286UEFQRVJTOlNoZXdjaHVrOkFuIEludHJvZHVjdGlvbiB0byBDbyNEQTlGOS5wZGYADgByADgAQQBuACAASQBuAHQAcgBvAGQAdQBjAHQAaQBvAG4AIAB0AG8AIABDAG8AbgBqAHUAZwBhAHQAZQAgAEcAcgBhAGQAaQBlAG4AdAAgAE0AZQB0AGgAbwBkACAAVwBpAHQAaABvAHUAdAAuAHAAZABmAA8AEAAHAHMAYQBpAGIAbwBvAGsAEgBbVXNlcnMvc2FpcHVjay9UYWtvL1BBUEVSUy9TaGV3Y2h1ay9BbiBJbnRyb2R1Y3Rpb24gdG8gQ29uanVnYXRlIEdyYWRpZW50IE1ldGhvZCBXaXRob3V0LnBkZgAAEwABLwAAFQACAA7//wAAgAXSHB0eH1gkY2xhc3Nlc1okY2xhc3NuYW1lox8gIV1OU011dGFibGVEYXRhVk5TRGF0YVhOU09iamVjdF8QSy4uL1BBUEVSUy9TaGV3Y2h1ay9BbiBJbnRyb2R1Y3Rpb24gdG8gQ29uanVnYXRlIEdyYWRpZW50IE1ldGhvZCBXaXRob3V0LnBkZtIcHSQloiUhXE5TRGljdGlvbmFyeRIAAYagXxAPTlNLZXllZEFyY2hpdmVyAAgAEQAWAB8AKAAyADUAOgA8AEUASwBSAF0AZQBsAG8AcQBzAHYAeAB6AHwAhgCTAJgAoAK+AsACxQLOAtkC3QLrAvIC+wNJA04DUQNeA2MAAAAAAAACAQAAAAAAAAAoAAAAAAAAAAAAAAAAAAADdQ==}}

@book{Barabasi:2003,
	Author = {Barabasi, Albert-Laszlo},
	Date-Added = {2008-09-29 19:29:20 -0500},
	Date-Modified = {2008-09-29 19:32:17 -0500},
	Publisher = {Plume},
	Rating = {5},
	Read = {Yes},
	Title = {Linked},
	Year = {2003}}

@article{Besag:1974,
	Author = {Besag, Julian},
	Date-Added = {2008-09-29 19:15:39 -0500},
	Date-Modified = {2008-09-29 19:18:18 -0500},
	Journal = {Journal of the Royal Statistical Society, {\rm Series B}},
	Pages = {192-236},
	Title = {Spatial Interaction and the Statistical Analysis of Lattice Systems},
	Volume = {36},
	Year = {1974},
	Bdsk-File-1 = {YnBsaXN0MDDUAQIDBAUIJidUJHRvcFgkb2JqZWN0c1gkdmVyc2lvblkkYXJjaGl2ZXLRBgdUcm9vdIABqAkKFRYXGyIjVSRudWxs0wsMDQ4RFFpOUy5vYmplY3RzV05TLmtleXNWJGNsYXNzog8QgASABqISE4ACgAOAB1lhbGlhc0RhdGFccmVsYXRpdmVQYXRo0hgNGRpXTlMuZGF0YU8RAigAAAAAAigAAgAAB3NhaWJvb2sAAAAAAAAAAAAAAAAAAAAAAAAAAMfUUYFIKwAAAA2pqR9TcGF0aWFsIEludGVyYWN0aW9uIGEjREE5QUEucGRmAAAAAAAAAAAAAAAAAAAAAAAAAAAAAAAAAAAAAAAAAAAADamqxQaE2AAAAAAAAAAAAAEAAwAACSAAAAAAAAAAAAAAAAAAAAAFQmVzYWcAABAACAAAx9SX0QAAABEACAAAxQbLKAAAAAEAFAANqakADamlAA2oPgAITIYAAJLzAAIAR3NhaWJvb2s6VXNlcnM6c2FpcHVjazpUYWtvOlBBUEVSUzpCZXNhZzpTcGF0aWFsIEludGVyYWN0aW9uIGEjREE5QUEucGRmAAAOAIAAPwBTAHAAYQB0AGkAYQBsACAASQBuAHQAZQByAGEAYwB0AGkAbwBuACAAYQBuAGQAIAB0AGgAZQAgAFMAdABhAHQAaQBzAHQAaQBjAGEAbAAgAEEAbgBhAGwAeQBzAGkAcwAgAG8AZgAgAEwAYQB0AHQAaQBjAGUALgBwAGQAZgAPABAABwBzAGEAaQBiAG8AbwBrABIAX1VzZXJzL3NhaXB1Y2svVGFrby9QQVBFUlMvQmVzYWcvU3BhdGlhbCBJbnRlcmFjdGlvbiBhbmQgdGhlIFN0YXRpc3RpY2FsIEFuYWx5c2lzIG9mIExhdHRpY2UucGRmAAATAAEvAAAVAAIADv//AACABdIcHR4fWCRjbGFzc2VzWiRjbGFzc25hbWWjHyAhXU5TTXV0YWJsZURhdGFWTlNEYXRhWE5TT2JqZWN0XxBPLi4vUEFQRVJTL0Jlc2FnL1NwYXRpYWwgSW50ZXJhY3Rpb24gYW5kIHRoZSBTdGF0aXN0aWNhbCBBbmFseXNpcyBvZiBMYXR0aWNlLnBkZtIcHSQloiUhXE5TRGljdGlvbmFyeRIAAYagXxAPTlNLZXllZEFyY2hpdmVyAAgAEQAWAB8AKAAyADUAOgA8AEUASwBSAF0AZQBsAG8AcQBzAHYAeAB6AHwAhgCTAJgAoALMAs4C0wLcAucC6wL5AwADCQNbA2ADYwNwA3UAAAAAAAACAQAAAAAAAAAoAAAAAAAAAAAAAAAAAAADhw==}}

@book{Carrington:2005,
	Date-Added = {2008-09-24 20:38:44 -0500},
	Date-Modified = {2008-09-24 20:41:21 -0500},
	Editor = {Carrington, Peter J. and Scott, John and Wasserman, Stanley},
	Publisher = {Cambridge University Press},
	Rating = {3},
	Title = {Models and Methods in Social Network Analysis},
	Year = {2005}}

@article{Lubbers:2007,
	Author = {Lubbers, Miranda and Snijders, Tom A. B.},
	Date-Added = {2008-09-23 16:43:29 -0500},
	Date-Modified = {2008-09-23 16:44:29 -0500},
	Journal = {Social Networks},
	Pages = {489-507},
	Title = {A comparison of various approaches to the exponential random graph model: A reanalysis of 102 student networks in school classes},
	Volume = {29},
	Year = {2007},
	Bdsk-File-1 = {YnBsaXN0MDDUAQIDBAUIJidUJHRvcFgkb2JqZWN0c1gkdmVyc2lvblkkYXJjaGl2ZXLRBgdUcm9vdIABqAkKFRYXGyIjVSRudWxs0wsMDQ4RFFpOUy5vYmplY3RzV05TLmtleXNWJGNsYXNzog8QgASABqISE4ACgAOAB1lhbGlhc0RhdGFccmVsYXRpdmVQYXRo0hgNGRpXTlMuZGF0YU8RAjAAAAAAAjAAAgAAB3NhaWJvb2sAAAAAAAAAAAAAAAAAAAAAAAAAAMfUUYFIKwAAAA2p4R9BIGNvbXBhcmlzb24gb2YgdmFyaW8jREE5RTIucGRmAAAAAAAAAAAAAAAAAAAAAAAAAAAAAAAAAAAAAAAAAAAADanixP6l3QAAAAAAAAAAAAEAAwAACSAAAAAAAAAAAAAAAAAAAAAHTHViYmVycwAAEAAIAADH1JfRAAAAEQAIAADE/uwtAAAAAQAUAA2p4QANqaUADag+AAhMhgAAkvMAAgBJc2FpYm9vazpVc2VyczpzYWlwdWNrOlRha286UEFQRVJTOkx1YmJlcnM6QSBjb21wYXJpc29uIG9mIHZhcmlvI0RBOUUyLnBkZgAADgCCAEAAQQAgAGMAbwBtAHAAYQByAGkAcwBvAG4AIABvAGYAIAB2AGEAcgBpAG8AdQBzACAAYQBwAHAAcgBvAGEAYwBoAGUAcwAgAHQAbwAgAHQAaABlACAAZQB4AHAAbwBuAGUAbgB0AGkAYQBsACAAcgBhAG4AZABvAG0ALgBwAGQAZgAPABAABwBzAGEAaQBiAG8AbwBrABIAYlVzZXJzL3NhaXB1Y2svVGFrby9QQVBFUlMvTHViYmVycy9BIGNvbXBhcmlzb24gb2YgdmFyaW91cyBhcHByb2FjaGVzIHRvIHRoZSBleHBvbmVudGlhbCByYW5kb20ucGRmABMAAS8AABUAAgAO//8AAIAF0hwdHh9YJGNsYXNzZXNaJGNsYXNzbmFtZaMfICFdTlNNdXRhYmxlRGF0YVZOU0RhdGFYTlNPYmplY3RfEFIuLi9QQVBFUlMvTHViYmVycy9BIGNvbXBhcmlzb24gb2YgdmFyaW91cyBhcHByb2FjaGVzIHRvIHRoZSBleHBvbmVudGlhbCByYW5kb20ucGRm0hwdJCWiJSFcTlNEaWN0aW9uYXJ5EgABhqBfEA9OU0tleWVkQXJjaGl2ZXIACAARABYAHwAoADIANQA6ADwARQBLAFIAXQBlAGwAbwBxAHMAdgB4AHoAfACGAJMAmACgAtQC1gLbAuQC7wLzAwEDCAMRA2YDawNuA3sDgAAAAAAAAAIBAAAAAAAAACgAAAAAAAAAAAAAAAAAAAOS}}

@article{Lewis:2008,
	Author = {Lewis, Kevin and Kaufman, Jason and Gonzalez, Marco and Wimmer, Andreas and Christakis, Nicholas},
	Date-Added = {2008-09-22 21:49:58 -0500},
	Date-Modified = {2008-09-29 19:20:08 -0500},
	Journal = {Social Networks},
	Pages = {330-342},
	Title = {Tastes, Ties, and Time: A New Social Network Dataset Using Facebook.com},
	Volume = {30},
	Year = {2008},
	Bdsk-File-1 = {YnBsaXN0MDDUAQIDBAUIJidUJHRvcFgkb2JqZWN0c1gkdmVyc2lvblkkYXJjaGl2ZXLRBgdUcm9vdIABqAkKFRYXGyIjVSRudWxs0wsMDQ4RFFpOUy5vYmplY3RzV05TLmtleXNWJGNsYXNzog8QgASABqISE4ACgAOAB1lhbGlhc0RhdGFccmVsYXRpdmVQYXRo0hgNGRpXTlMuZGF0YU8RAfoAAAAAAfoAAgAAB3NhaWJvb2sAAAAAAAAAAAAAAAAAAAAAAAAAAMfUUYFIKwAAAA2p3x9UYXN0ZXMsIFRpZXMsIGFuZCBUaW0jREE5RTAucGRmAAAAAAAAAAAAAAAAAAAAAAAAAAAAAAAAAAAAAAAAAAAADangxP3DEQAAAAAAAAAAAAEAAwAACSAAAAAAAAAAAAAAAAAAAAAFTGV3aXMAABAACAAAx9SX0QAAABEACAAAxP4JYQAAAAEAFAANqd8ADamlAA2oPgAITIYAAJLzAAIAR3NhaWJvb2s6VXNlcnM6c2FpcHVjazpUYWtvOlBBUEVSUzpMZXdpczpUYXN0ZXMsIFRpZXMsIGFuZCBUaW0jREE5RTAucGRmAAAOAGIAMABUAGEAcwB0AGUAcwAsACAAVABpAGUAcwAsACAAYQBuAGQAIABUAGkAbQBlAC8AIABBACAATgBlAHcAIABTAG8AYwBpAGEAbAAgAE4AZQB0AHcAbwByAGsALgBwAGQAZgAPABAABwBzAGEAaQBiAG8AbwBrABIAUFVzZXJzL3NhaXB1Y2svVGFrby9QQVBFUlMvTGV3aXMvVGFzdGVzLCBUaWVzLCBhbmQgVGltZTogQSBOZXcgU29jaWFsIE5ldHdvcmsucGRmABMAAS8AABUAAgAO//8AAIAF0hwdHh9YJGNsYXNzZXNaJGNsYXNzbmFtZaMfICFdTlNNdXRhYmxlRGF0YVZOU0RhdGFYTlNPYmplY3RfEEAuLi9QQVBFUlMvTGV3aXMvVGFzdGVzLCBUaWVzLCBhbmQgVGltZTogQSBOZXcgU29jaWFsIE5ldHdvcmsucGRm0hwdJCWiJSFcTlNEaWN0aW9uYXJ5EgABhqBfEA9OU0tleWVkQXJjaGl2ZXIACAARABYAHwAoADIANQA6ADwARQBLAFIAXQBlAGwAbwBxAHMAdgB4AHoAfACGAJMAmACgAp4CoAKlAq4CuQK9AssC0gLbAx4DIwMmAzMDOAAAAAAAAAIBAAAAAAAAACgAAAAAAAAAAAAAAAAAAANK}}

@article{Robins:2001,
	Author = {Robins, Gary and Pattison, Philippa and Elliott, Petere},
	Date-Added = {2008-09-22 21:41:03 -0500},
	Date-Modified = {2008-09-29 19:19:44 -0500},
	Journal = {Psychometrika},
	Month = {Jun},
	Number = {2},
	Pages = {161-190},
	Title = {Network Models for Social Influence Processes},
	Volume = {66},
	Year = {2001},
	Bdsk-File-1 = {YnBsaXN0MDDUAQIDBAUIJidUJHRvcFgkb2JqZWN0c1gkdmVyc2lvblkkYXJjaGl2ZXLRBgdUcm9vdIABqAkKFRYXGyIjVSRudWxs0wsMDQ4RFFpOUy5vYmplY3RzV05TLmtleXNWJGNsYXNzog8QgASABqISE4ACgAOAB1lhbGlhc0RhdGFccmVsYXRpdmVQYXRo0hgNGRpXTlMuZGF0YU8RAf4AAAAAAf4AAgAAB3NhaWJvb2sAAAAAAAAAAAAAAAAAAAAAAAAAAMfUUYFIKwAAAA2p8h9OZXR3b3JrIE1vZGVscyBmb3IgU28jREE5RjQucGRmAAAAAAAAAAAAAAAAAAAAAAAAAAAAAAAAAAAAAAAAAAAADan0xP3BUQAAAAAAAAAAAAEAAwAACSAAAAAAAAAAAAAAAAAAAAAGUm9iaW5zABAACAAAx9SX0QAAABEACAAAxP4HoQAAAAEAFAANqfIADamlAA2oPgAITIYAAJLzAAIASHNhaWJvb2s6VXNlcnM6c2FpcHVjazpUYWtvOlBBUEVSUzpSb2JpbnM6TmV0d29yayBNb2RlbHMgZm9yIFNvI0RBOUY0LnBkZgAOAGQAMQBOAGUAdAB3AG8AcgBrACAATQBvAGQAZQBsAHMAIABmAG8AcgAgAFMAbwBjAGkAYQBsACAASQBuAGYAbAB1AGUAbgBjAGUAIABQAHIAbwBjAGUAcwBzAGUAcwAuAHAAZABmAA8AEAAHAHMAYQBpAGIAbwBvAGsAEgBSVXNlcnMvc2FpcHVjay9UYWtvL1BBUEVSUy9Sb2JpbnMvTmV0d29yayBNb2RlbHMgZm9yIFNvY2lhbCBJbmZsdWVuY2UgUHJvY2Vzc2VzLnBkZgATAAEvAAAVAAIADv//AACABdIcHR4fWCRjbGFzc2VzWiRjbGFzc25hbWWjHyAhXU5TTXV0YWJsZURhdGFWTlNEYXRhWE5TT2JqZWN0XxBCLi4vUEFQRVJTL1JvYmlucy9OZXR3b3JrIE1vZGVscyBmb3IgU29jaWFsIEluZmx1ZW5jZSBQcm9jZXNzZXMucGRm0hwdJCWiJSFcTlNEaWN0aW9uYXJ5EgABhqBfEA9OU0tleWVkQXJjaGl2ZXIACAARABYAHwAoADIANQA6ADwARQBLAFIAXQBlAGwAbwBxAHMAdgB4AHoAfACGAJMAmACgAqICpAKpArICvQLBAs8C1gLfAyQDKQMsAzkDPgAAAAAAAAIBAAAAAAAAACgAAAAAAAAAAAAAAAAAAANQ}}

@article{Handcock:2007,
	Author = {Handcock, Mark S. and Raftery, Adrian E. and Tantrum, Jeremy M.},
	Date-Added = {2008-09-22 21:32:48 -0500},
	Date-Modified = {2008-09-29 19:19:21 -0500},
	Journal = {Journal of the Royal Statistical Society, {\rm Series A}},
	Number = {2},
	Pages = {301-354},
	Title = {Model-Based Clustering for Social Networks},
	Volume = {170},
	Year = {2007},
	Bdsk-File-1 = {YnBsaXN0MDDUAQIDBAUIJidUJHRvcFgkb2JqZWN0c1gkdmVyc2lvblkkYXJjaGl2ZXLRBgdUcm9vdIABqAkKFRYXGyIjVSRudWxs0wsMDQ4RFFpOUy5vYmplY3RzV05TLmtleXNWJGNsYXNzog8QgASABqISE4ACgAOAB1lhbGlhc0RhdGFccmVsYXRpdmVQYXRo0hgNGRpXTlMuZGF0YU8RAfwAAAAAAfwAAgAAB3NhaWJvb2sAAAAAAAAAAAAAAAAAAAAAAAAAAMfUUYFIKwAAAA2pzR9Nb2RlbC1CYXNlZCBDbHVzdGVyaW4jREE5RDEucGRmAAAAAAAAAAAAAAAAAAAAAAAAAAAAAAAAAAAAAAAAAAAADanRxP2/awAAAAAAAAAAAAEAAwAACSAAAAAAAAAAAAAAAAAAAAAISGFuZGNvY2sAEAAIAADH1JfRAAAAEQAIAADE/gW7AAAAAQAUAA2pzQANqaUADag+AAhMhgAAkvMAAgBKc2FpYm9vazpVc2VyczpzYWlwdWNrOlRha286UEFQRVJTOkhhbmRjb2NrOk1vZGVsLUJhc2VkIENsdXN0ZXJpbiNEQTlEMS5wZGYADgBeAC4ATQBvAGQAZQBsAC0AQgBhAHMAZQBkACAAQwBsAHUAcwB0AGUAcgBpAG4AZwAgAGYAbwByACAAUwBvAGMAaQBhAGwAIABOAGUAdAB3AG8AcgBrAHMALgBwAGQAZgAPABAABwBzAGEAaQBiAG8AbwBrABIAUVVzZXJzL3NhaXB1Y2svVGFrby9QQVBFUlMvSGFuZGNvY2svTW9kZWwtQmFzZWQgQ2x1c3RlcmluZyBmb3IgU29jaWFsIE5ldHdvcmtzLnBkZgAAEwABLwAAFQACAA7//wAAgAXSHB0eH1gkY2xhc3Nlc1okY2xhc3NuYW1lox8gIV1OU011dGFibGVEYXRhVk5TRGF0YVhOU09iamVjdF8QQS4uL1BBUEVSUy9IYW5kY29jay9Nb2RlbC1CYXNlZCBDbHVzdGVyaW5nIGZvciBTb2NpYWwgTmV0d29ya3MucGRm0hwdJCWiJSFcTlNEaWN0aW9uYXJ5EgABhqBfEA9OU0tleWVkQXJjaGl2ZXIACAARABYAHwAoADIANQA6ADwARQBLAFIAXQBlAGwAbwBxAHMAdgB4AHoAfACGAJMAmACgAqACogKnArACuwK/As0C1ALdAyEDJgMpAzYDOwAAAAAAAAIBAAAAAAAAACgAAAAAAAAAAAAAAAAAAANN}}

@article{Hunter:2007,
	Author = {Hunter, David R.},
	Date-Added = {2008-09-22 21:12:58 -0500},
	Date-Modified = {2008-09-29 19:18:51 -0500},
	Journal = {Social Networks},
	Pages = {216-230},
	Rating = {5},
	Title = {Curved Exponential Family Models for Social Networks},
	Volume = {29},
	Year = {2007},
	Bdsk-File-1 = {YnBsaXN0MDDUAQIDBAUIJidUJHRvcFgkb2JqZWN0c1gkdmVyc2lvblkkYXJjaGl2ZXLRBgdUcm9vdIABqAkKFRYXGyIjVSRudWxs0wsMDQ4RFFpOUy5vYmplY3RzV05TLmtleXNWJGNsYXNzog8QgASABqISE4ACgAOAB1lhbGlhc0RhdGFccmVsYXRpdmVQYXRo0hgNGRpXTlMuZGF0YU8RAfgAAAAAAfgAAgAAB3NhaWJvb2sAAAAAAAAAAAAAAAAAAAAAAAAAAMfUUYFIKwAAAA2p2x9DdXJ2ZWQgRXhwb25lbnRpYWwgRmEjREE5REMucGRmAAAAAAAAAAAAAAAAAAAAAAAAAAAAAAAAAAAAAAAAAAAADancxPwPmAAAAAAAAAAAAAEAAwAACSAAAAAAAAAAAAAAAAAAAAAGSHVudGVyABAACAAAx9SX0QAAABEACAAAxPxV6AAAAAEAFAANqdsADamlAA2oPgAITIYAAJLzAAIASHNhaWJvb2s6VXNlcnM6c2FpcHVjazpUYWtvOlBBUEVSUzpIdW50ZXI6Q3VydmVkIEV4cG9uZW50aWFsIEZhI0RBOURDLnBkZgAOAGAALwBDAHUAcgB2AGUAZAAgAEUAeABwAG8AbgBlAG4AdABpAGEAbAAgAEYAYQBtAGkAbAB5ACAATQBvAGQAZQBsAHMAIABmAG8AcgAgAFMAbwBjAGkAYQBsAC4AcABkAGYADwAQAAcAcwBhAGkAYgBvAG8AawASAFBVc2Vycy9zYWlwdWNrL1Rha28vUEFQRVJTL0h1bnRlci9DdXJ2ZWQgRXhwb25lbnRpYWwgRmFtaWx5IE1vZGVscyBmb3IgU29jaWFsLnBkZgATAAEvAAAVAAIADv//AACABdIcHR4fWCRjbGFzc2VzWiRjbGFzc25hbWWjHyAhXU5TTXV0YWJsZURhdGFWTlNEYXRhWE5TT2JqZWN0XxBALi4vUEFQRVJTL0h1bnRlci9DdXJ2ZWQgRXhwb25lbnRpYWwgRmFtaWx5IE1vZGVscyBmb3IgU29jaWFsLnBkZtIcHSQloiUhXE5TRGljdGlvbmFyeRIAAYagXxAPTlNLZXllZEFyY2hpdmVyAAgAEQAWAB8AKAAyADUAOgA8AEUASwBSAF0AZQBsAG8AcQBzAHYAeAB6AHwAhgCTAJgAoAKcAp4CowKsArcCuwLJAtAC2QMcAyEDJAMxAzYAAAAAAAACAQAAAAAAAAAoAAAAAAAAAAAAAAAAAAADSA==}}

@article{Morris:2008,
	Author = {Morris, Martina and Handcock, Mark S. and Hunter, David R.},
	Date-Added = {2008-09-22 21:07:04 -0500},
	Date-Modified = {2008-09-29 19:20:00 -0500},
	Journal = {Journal of Statistical Software},
	Month = {May},
	Number = {4},
	Title = {Specification of Exponential-Family Random Graph Models: Terms and Computational Aspects},
	Volume = {24},
	Year = {2008},
	Bdsk-File-1 = {YnBsaXN0MDDUAQIDBAUIJidUJHRvcFgkb2JqZWN0c1gkdmVyc2lvblkkYXJjaGl2ZXLRBgdUcm9vdIABqAkKFRYXGyIjVSRudWxs0wsMDQ4RFFpOUy5vYmplY3RzV05TLmtleXNWJGNsYXNzog8QgASABqISE4ACgAOAB1lhbGlhc0RhdGFccmVsYXRpdmVQYXRo0hgNGRpXTlMuZGF0YU8RAiAAAAAAAiAAAgAAB3NhaWJvb2sAAAAAAAAAAAAAAAAAAAAAAAAAAMfUUYFIKwAAAA2p5R9TcGVjaWZpY2F0aW9uIG9mIEV4cG8jREE5RTYucGRmAAAAAAAAAAAAAAAAAAAAAAAAAAAAAAAAAAAAAAAAAAAADanmxP25ZQAAAAAAAAAAAAEAAwAACSAAAAAAAAAAAAAAAAAAAAAGTW9ycmlzABAACAAAx9SX0QAAABEACAAAxP3/tQAAAAEAFAANqeUADamlAA2oPgAITIYAAJLzAAIASHNhaWJvb2s6VXNlcnM6c2FpcHVjazpUYWtvOlBBUEVSUzpNb3JyaXM6U3BlY2lmaWNhdGlvbiBvZiBFeHBvI0RBOUU2LnBkZgAOAHoAPABTAHAAZQBjAGkAZgBpAGMAYQB0AGkAbwBuACAAbwBmACAARQB4AHAAbwBuAGUAbgB0AGkAYQBsAC0ARgBhAG0AaQBsAHkAIABSAGEAbgBkAG8AbQAgAEcAcgBhAHAAaAAgAE0AbwBkAGUAbABzAC8ALgBwAGQAZgAPABAABwBzAGEAaQBiAG8AbwBrABIAXVVzZXJzL3NhaXB1Y2svVGFrby9QQVBFUlMvTW9ycmlzL1NwZWNpZmljYXRpb24gb2YgRXhwb25lbnRpYWwtRmFtaWx5IFJhbmRvbSBHcmFwaCBNb2RlbHM6LnBkZgAAEwABLwAAFQACAA7//wAAgAXSHB0eH1gkY2xhc3Nlc1okY2xhc3NuYW1lox8gIV1OU011dGFibGVEYXRhVk5TRGF0YVhOU09iamVjdF8QTS4uL1BBUEVSUy9Nb3JyaXMvU3BlY2lmaWNhdGlvbiBvZiBFeHBvbmVudGlhbC1GYW1pbHkgUmFuZG9tIEdyYXBoIE1vZGVsczoucGRm0hwdJCWiJSFcTlNEaWN0aW9uYXJ5EgABhqBfEA9OU0tleWVkQXJjaGl2ZXIACAARABYAHwAoADIANQA6ADwARQBLAFIAXQBlAGwAbwBxAHMAdgB4AHoAfACGAJMAmACgAsQCxgLLAtQC3wLjAvEC+AMBA1EDVgNZA2YDawAAAAAAAAIBAAAAAAAAACgAAAAAAAAAAAAAAAAAAAN9}}

@techreport{Handcock:Degeneracy,
	Author = {Handcock, Mark S.},
	Date-Added = {2008-09-22 21:01:52 -0500},
	Date-Modified = {2009-01-17 12:23:57 -0600},
	Institution = {University of Washington, Seattle},
	Number = {39},
	Rating = {5},
	Title = {Assessing Degeneracy in Statistical Models of Social Networks},
	Type = {Working Paper},
	Year = {2003},
	Bdsk-File-1 = {YnBsaXN0MDDUAQIDBAUIJidUJHRvcFgkb2JqZWN0c1gkdmVyc2lvblkkYXJjaGl2ZXLRBgdUcm9vdIABqAkKFRYXGyIjVSRudWxs0wsMDQ4RFFpOUy5vYmplY3RzV05TLmtleXNWJGNsYXNzog8QgASABqISE4ACgAOAB1lhbGlhc0RhdGFccmVsYXRpdmVQYXRo0hgNGRpXTlMuZGF0YU8RAhwAAAAAAhwAAgAAB3NhaWJvb2sAAAAAAAAAAAAAAAAAAAAAAAAAAMfUUYFIKwAAAA2pzR9Bc3Nlc3NpbmcgRGVnZW5lcmFjeSAjREE5Q0YucGRmAAAAAAAAAAAAAAAAAAAAAAAAAAAAAAAAAAAAAAAAAAAADanPxYEAbQAAAAAAAAAAAAEAAwAACSAAAAAAAAAAAAAAAAAAAAAISGFuZGNvY2sAEAAIAADH1JfRAAAAEQAIAADFgVTNAAAAAQAUAA2pzQANqaUADag+AAhMhgAAkvMAAgBKc2FpYm9vazpVc2VyczpzYWlwdWNrOlRha286UEFQRVJTOkhhbmRjb2NrOkFzc2Vzc2luZyBEZWdlbmVyYWN5ICNEQTlDRi5wZGYADgB0ADkAQQBzAHMAZQBzAHMAaQBuAGcAIABEAGUAZwBlAG4AZQByAGEAYwB5ACAAaQBuACAAUwB0AGEAdABpAHMAdABpAGMAYQBsACAATQBvAGQAZQBsAHMAIABvAGYAIABTAG8AYwBpAGEAbAAwAC4AcABkAGYADwAQAAcAcwBhAGkAYgBvAG8AawASAFxVc2Vycy9zYWlwdWNrL1Rha28vUEFQRVJTL0hhbmRjb2NrL0Fzc2Vzc2luZyBEZWdlbmVyYWN5IGluIFN0YXRpc3RpY2FsIE1vZGVscyBvZiBTb2NpYWwwLnBkZgATAAEvAAAVAAIADv//AACABdIcHR4fWCRjbGFzc2VzWiRjbGFzc25hbWWjHyAhXU5TTXV0YWJsZURhdGFWTlNEYXRhWE5TT2JqZWN0XxBMLi4vUEFQRVJTL0hhbmRjb2NrL0Fzc2Vzc2luZyBEZWdlbmVyYWN5IGluIFN0YXRpc3RpY2FsIE1vZGVscyBvZiBTb2NpYWwwLnBkZtIcHSQloiUhXE5TRGljdGlvbmFyeRIAAYagXxAPTlNLZXllZEFyY2hpdmVyAAgAEQAWAB8AKAAyADUAOgA8AEUASwBSAF0AZQBsAG8AcQBzAHYAeAB6AHwAhgCTAJgAoALAAsICxwLQAtsC3wLtAvQC/QNMA1EDVANhA2YAAAAAAAACAQAAAAAAAAAoAAAAAAAAAAAAAAAAAAADeA==}}

@article{Duijn:2006,
	Author = {van Duijn, Marijtje A. J. and Vermunt, Jeroen K.},
	Date-Added = {2008-09-22 20:59:23 -0500},
	Date-Modified = {2008-09-29 19:20:12 -0500},
	Journal = {Methodology},
	Number = {1},
	Pages = {2-6},
	Title = {What is Special about Social Network Analysis?},
	Volume = {2},
	Year = {2006},
	Bdsk-File-1 = {YnBsaXN0MDDUAQIDBAUIJidUJHRvcFgkb2JqZWN0c1gkdmVyc2lvblkkYXJjaGl2ZXLRBgdUcm9vdIABqAkKFRYXGyIjVSRudWxs0wsMDQ4RFFpOUy5vYmplY3RzV05TLmtleXNWJGNsYXNzog8QgASABqISE4ACgAOAB1lhbGlhc0RhdGFccmVsYXRpdmVQYXRo0hgNGRpXTlMuZGF0YU8RAeIAAAAAAeIAAgAAB3NhaWJvb2sAAAAAAAAAAAAAAAAAAAAAAAAAAMfUUYFIKwAAAA2psR9XaGF0IGlzIFNwZWNpYWwgYWJvdXQjREE5QjMucGRmAAAAAAAAAAAAAAAAAAAAAAAAAAAAAAAAAAAAAAAAAAAADamzwi6/n1BERiBwcnZ3AAEAAwAACSAAAAAAAAAAAAAAAAAAAAAFRHVpam4AABAACAAAx9SX0QAAABEACAAAwi8F7wAAAAEAFAANqbEADamlAA2oPgAITIYAAJLzAAIAR3NhaWJvb2s6VXNlcnM6c2FpcHVjazpUYWtvOlBBUEVSUzpEdWlqbjpXaGF0IGlzIFNwZWNpYWwgYWJvdXQjREE5QjMucGRmAAAOAFIAKABXAGgAYQB0ACAAaQBzACAAUwBwAGUAYwBpAGEAbAAgAGEAYgBvAHUAdAAgAFMAbwBjAGkAYQBsACAATgBlAHQAdwBvAHIAawAuAHAAZABmAA8AEAAHAHMAYQBpAGIAbwBvAGsAEgBIVXNlcnMvc2FpcHVjay9UYWtvL1BBUEVSUy9EdWlqbi9XaGF0IGlzIFNwZWNpYWwgYWJvdXQgU29jaWFsIE5ldHdvcmsucGRmABMAAS8AABUAAgAO//8AAIAF0hwdHh9YJGNsYXNzZXNaJGNsYXNzbmFtZaMfICFdTlNNdXRhYmxlRGF0YVZOU0RhdGFYTlNPYmplY3RfEDguLi9QQVBFUlMvRHVpam4vV2hhdCBpcyBTcGVjaWFsIGFib3V0IFNvY2lhbCBOZXR3b3JrLnBkZtIcHSQloiUhXE5TRGljdGlvbmFyeRIAAYagXxAPTlNLZXllZEFyY2hpdmVyAAgAEQAWAB8AKAAyADUAOgA8AEUASwBSAF0AZQBsAG8AcQBzAHYAeAB6AHwAhgCTAJgAoAKGAogCjQKWAqECpQKzAroCwwL+AwMDBgMTAxgAAAAAAAACAQAAAAAAAAAoAAAAAAAAAAAAAAAAAAADKg==}}

@article{Pattison:1999,
	Author = {Pattison, Philippa and Wasserman, Stanley},
	Date-Added = {2008-09-22 20:56:39 -0500},
	Date-Modified = {2008-09-29 19:19:05 -0500},
	Journal = {British Journal of Mathematical and Statistical Psychology},
	Pages = {169-193},
	Title = {Logit Models and Logistic Regression for Social Networks: II. Multivariate Relations},
	Volume = {52},
	Year = {1999},
	Bdsk-File-1 = {YnBsaXN0MDDUAQIDBAUIJidUJHRvcFgkb2JqZWN0c1gkdmVyc2lvblkkYXJjaGl2ZXLRBgdUcm9vdIABqAkKFRYXGyIjVSRudWxs0wsMDQ4RFFpOUy5vYmplY3RzV05TLmtleXNWJGNsYXNzog8QgASABqISE4ACgAOAB1lhbGlhc0RhdGFccmVsYXRpdmVQYXRo0hgNGRpXTlMuZGF0YU8RAgoAAAAAAgoAAgAAB3NhaWJvb2sAAAAAAAAAAAAAAAAAAAAAAAAAAMfUUYFIKwAAAA2p7R9Mb2dpdCBNb2RlbHMgYW5kIExvZ2kjREE5RUUucGRmAAAAAAAAAAAAAAAAAAAAAAAAAAAAAAAAAAAAAAAAAAAADanuwrf5IVBERiBwcnZ3AAEAAwAACSAAAAAAAAAAAAAAAAAAAAAIUGF0dGlzb24AEAAIAADH1JfRAAAAEQAIAADCuD9xAAAAAQAUAA2p7QANqaUADag+AAhMhgAAkvMAAgBKc2FpYm9vazpVc2VyczpzYWlwdWNrOlRha286UEFQRVJTOlBhdHRpc29uOkxvZ2l0IE1vZGVscyBhbmQgTG9naSNEQTlFRS5wZGYADgBoADMATABvAGcAaQB0ACAATQBvAGQAZQBsAHMAIABhAG4AZAAgAEwAbwBnAGkAcwB0AGkAYwAgAFIAZQBnAHIAZQBzAHMAaQBvAG4AIABmAG8AcgAgAFMAbwBjAGkAYQBsAC4AcABkAGYADwAQAAcAcwBhAGkAYgBvAG8AawASAFZVc2Vycy9zYWlwdWNrL1Rha28vUEFQRVJTL1BhdHRpc29uL0xvZ2l0IE1vZGVscyBhbmQgTG9naXN0aWMgUmVncmVzc2lvbiBmb3IgU29jaWFsLnBkZgATAAEvAAAVAAIADv//AACABdIcHR4fWCRjbGFzc2VzWiRjbGFzc25hbWWjHyAhXU5TTXV0YWJsZURhdGFWTlNEYXRhWE5TT2JqZWN0XxBGLi4vUEFQRVJTL1BhdHRpc29uL0xvZ2l0IE1vZGVscyBhbmQgTG9naXN0aWMgUmVncmVzc2lvbiBmb3IgU29jaWFsLnBkZtIcHSQloiUhXE5TRGljdGlvbmFyeRIAAYagXxAPTlNLZXllZEFyY2hpdmVyAAgAEQAWAB8AKAAyADUAOgA8AEUASwBSAF0AZQBsAG8AcQBzAHYAeAB6AHwAhgCTAJgAoAKuArACtQK+AskCzQLbAuIC6wM0AzkDPANJA04AAAAAAAACAQAAAAAAAAAoAAAAAAAAAAAAAAAAAAADYA==}}

@article{Handcock:2006,
	Author = {Snijders, Tom A. B. and Pattison, Philippa E. and Robins, Gary L. and Handcock, Mark S.},
	Date-Added = {2008-09-22 11:51:15 -0500},
	Date-Modified = {2008-09-29 19:34:36 -0500},
	Journal = {Sociological Methodology},
	Keywords = {p* logit},
	Pages = {99-153},
	Rating = {5},
	Title = {New specifications for exponential random graph models},
	Volume = {36},
	Year = {2006},
	Bdsk-File-1 = {YnBsaXN0MDDUAQIDBAUIJidUJHRvcFgkb2JqZWN0c1gkdmVyc2lvblkkYXJjaGl2ZXLRBgdUcm9vdIABqAkKFRYXGyIjVSRudWxs0wsMDQ4RFFpOUy5vYmplY3RzV05TLmtleXNWJGNsYXNzog8QgASABqISE4ACgAOAB1lhbGlhc0RhdGFccmVsYXRpdmVQYXRo0hgNGRpXTlMuZGF0YU8RAiAAAAAAAiAAAgAAB3NhaWJvb2sAAAAAAAAAAAAAAAAAAAAAAAAAAMfUUYFIKwAAAA2pzR9OZXcgc3BlY2lmaWNhdGlvbnMgZm8jREE5RDIucGRmAAAAAAAAAAAAAAAAAAAAAAAAAAAAAAAAAAAAAAAAAAAADanSwruwbwAAAAAAAAAAAAEAAwAACSAAAAAAAAAAAAAAAAAAAAAISGFuZGNvY2sAEAAIAADH1JfRAAAAEQAIAADCu/a/AAAAAQAUAA2pzQANqaUADag+AAhMhgAAkvMAAgBKc2FpYm9vazpVc2VyczpzYWlwdWNrOlRha286UEFQRVJTOkhhbmRjb2NrOk5ldyBzcGVjaWZpY2F0aW9ucyBmbyNEQTlEMi5wZGYADgB2ADoATgBlAHcAIABzAHAAZQBjAGkAZgBpAGMAYQB0AGkAbwBuAHMAIABmAG8AcgAgAGUAeABwAG8AbgBlAG4AdABpAGEAbAAgAHIAYQBuAGQAbwBtACAAZwByAGEAcABoACAAbQBvAGQAZQBsAHMALgBwAGQAZgAPABAABwBzAGEAaQBiAG8AbwBrABIAXVVzZXJzL3NhaXB1Y2svVGFrby9QQVBFUlMvSGFuZGNvY2svTmV3IHNwZWNpZmljYXRpb25zIGZvciBleHBvbmVudGlhbCByYW5kb20gZ3JhcGggbW9kZWxzLnBkZgAAEwABLwAAFQACAA7//wAAgAXSHB0eH1gkY2xhc3Nlc1okY2xhc3NuYW1lox8gIV1OU011dGFibGVEYXRhVk5TRGF0YVhOU09iamVjdF8QTS4uL1BBUEVSUy9IYW5kY29jay9OZXcgc3BlY2lmaWNhdGlvbnMgZm9yIGV4cG9uZW50aWFsIHJhbmRvbSBncmFwaCBtb2RlbHMucGRm0hwdJCWiJSFcTlNEaWN0aW9uYXJ5EgABhqBfEA9OU0tleWVkQXJjaGl2ZXIACAARABYAHwAoADIANQA6ADwARQBLAFIAXQBlAGwAbwBxAHMAdgB4AHoAfACGAJMAmACgAsQCxgLLAtQC3wLjAvEC+AMBA1EDVgNZA2YDawAAAAAAAAIBAAAAAAAAACgAAAAAAAAAAAAAAAAAAAN9}}

@techreport{Corander:1998,
	Address = {S-106 91 Stockholm, Sweden},
	Author = {Corander, Jukka and Dahmstr\"{o}m, Karin and Dahmstr\"{o}m, Per},
	Date-Added = {2008-09-22 11:37:20 -0500},
	Date-Modified = {2008-12-29 21:23:17 -0500},
	Institution = {Stockholm University},
	Keywords = {MCMC},
	Number = {8},
	Title = {Maximum Likelihood Estimation for Markov Graphs},
	Year = {1998}}

@article{HRH:2002,
	Author = {Hoff, Peter and Raftery, Adrian E. and Handcock, Mark S.},
	Date-Added = {2008-09-22 11:18:14 -0500},
	Date-Modified = {2008-09-23 18:24:37 -0500},
	Journal = {Journal of the American Statistical Association},
	Number = {460},
	Pages = {1090-1098},
	Rating = {2},
	Title = {Latent Space Approaches to Social Network Analysis},
	Volume = {97},
	Year = {2002},
	Bdsk-File-1 = {YnBsaXN0MDDUAQIDBAUIJidUJHRvcFgkb2JqZWN0c1gkdmVyc2lvblkkYXJjaGl2ZXLRBgdUcm9vdIABqAkKFRYXGyIjVSRudWxs0wsMDQ4RFFpOUy5vYmplY3RzV05TLmtleXNWJGNsYXNzog8QgASABqISE4ACgAOAB1lhbGlhc0RhdGFccmVsYXRpdmVQYXRo0hgNGRpXTlMuZGF0YU8RAewAAAAAAewAAgAAB3NhaWJvb2sAAAAAAAAAAAAAAAAAAAAAAAAAAMfUUYFIKwAAAA2p1B9MYXRlbnQgU3BhY2UgQXBwcm9hY2gjREE5RDUucGRmAAAAAAAAAAAAAAAAAAAAAAAAAAAAAAAAAAAAAAAAAAAADanVwi6Q+FBERiBwcnZ3AAEAAwAACSAAAAAAAAAAAAAAAAAAAAAESG9mZgAQAAgAAMfUl9EAAAARAAgAAMIu10gAAAABABQADanUAA2ppQANqD4ACEyGAACS8wACAEZzYWlib29rOlVzZXJzOnNhaXB1Y2s6VGFrbzpQQVBFUlM6SG9mZjpMYXRlbnQgU3BhY2UgQXBwcm9hY2gjREE5RDUucGRmAA4AXAAtAEwAYQB0AGUAbgB0ACAAUwBwAGEAYwBlACAAQQBwAHAAcgBvAGEAYwBoAGUAcwAgAHQAbwAgAFMAbwBjAGkAYQBsACAATgBlAHQAdwBvAHIAawAuAHAAZABmAA8AEAAHAHMAYQBpAGIAbwBvAGsAEgBMVXNlcnMvc2FpcHVjay9UYWtvL1BBUEVSUy9Ib2ZmL0xhdGVudCBTcGFjZSBBcHByb2FjaGVzIHRvIFNvY2lhbCBOZXR3b3JrLnBkZgATAAEvAAAVAAIADv//AACABdIcHR4fWCRjbGFzc2VzWiRjbGFzc25hbWWjHyAhXU5TTXV0YWJsZURhdGFWTlNEYXRhWE5TT2JqZWN0XxA8Li4vUEFQRVJTL0hvZmYvTGF0ZW50IFNwYWNlIEFwcHJvYWNoZXMgdG8gU29jaWFsIE5ldHdvcmsucGRm0hwdJCWiJSFcTlNEaWN0aW9uYXJ5EgABhqBfEA9OU0tleWVkQXJjaGl2ZXIACAARABYAHwAoADIANQA6ADwARQBLAFIAXQBlAGwAbwBxAHMAdgB4AHoAfACGAJMAmACgApACkgKXAqACqwKvAr0CxALNAwwDEQMUAyEDJgAAAAAAAAIBAAAAAAAAACgAAAAAAAAAAAAAAAAAAAM4}}

@article{Wang:1987,
	Author = {Wang, Yuchung J. and Wong George Y.},
	Date-Added = {2008-09-22 11:17:06 -0500},
	Date-Modified = {2008-09-29 19:20:04 -0500},
	Journal = {Journal of the American Statistical Association},
	Pages = {8-19},
	Rating = {1},
	Title = {Stochastic Blockmodels for Directed Graphs},
	Volume = {82},
	Year = {1987}}

@article{Wasserman:1996,
	Annote = {Table 3: parameters and graph statistcs for logit models},
	Author = {Wasserman, Stanley and Pattison, Philippa},
	Date-Added = {2008-09-22 11:12:16 -0500},
	Date-Modified = {2009-03-07 11:57:19 -0600},
	Journal = {Psychometrika},
	Keywords = {logit MPLE},
	Number = {3},
	Pages = {401-425},
	Rating = {1},
	Title = {Logit Models and Logistic Regression for Social Networks: I. An Introduction to Markov Graphs and p*},
	Volume = {61},
	Year = {1996},
	Bdsk-File-1 = {YnBsaXN0MDDUAQIDBAUIJidUJHRvcFgkb2JqZWN0c1gkdmVyc2lvblkkYXJjaGl2ZXLRBgdUcm9vdIABqAkKFRYXGyIjVSRudWxs0wsMDQ4RFFpOUy5vYmplY3RzV05TLmtleXNWJGNsYXNzog8QgASABqISE4ACgAOAB1lhbGlhc0RhdGFccmVsYXRpdmVQYXRo0hgNGRpXTlMuZGF0YU8RAhAAAAAAAhAAAgAAB3NhaWJvb2sAAAAAAAAAAAAAAAAAAAAAAAAAAMfUUYFIKwAAAA2qBB9Mb2dpdCBNb2RlbHMgYW5kIExvZ2kjREFBMDUucGRmAAAAAAAAAAAAAAAAAAAAAAAAAAAAAAAAAAAAAAAAAAAADaoFxP289wAAAAAAAAAAAAEAAwAACSAAAAAAAAAAAAAAAAAAAAAJV2Fzc2VybWFuAAAQAAgAAMfUl9EAAAARAAgAAMT+A0cAAAABABQADaoEAA2ppQANqD4ACEyGAACS8wACAEtzYWlib29rOlVzZXJzOnNhaXB1Y2s6VGFrbzpQQVBFUlM6V2Fzc2VybWFuOkxvZ2l0IE1vZGVscyBhbmQgTG9naSNEQUEwNS5wZGYAAA4AaAAzAEwAbwBnAGkAdAAgAE0AbwBkAGUAbABzACAAYQBuAGQAIABMAG8AZwBpAHMAdABpAGMAIABSAGUAZwByAGUAcwBzAGkAbwBuACAAZgBvAHIAIABTAG8AYwBpAGEAbAAuAHAAZABmAA8AEAAHAHMAYQBpAGIAbwBvAGsAEgBXVXNlcnMvc2FpcHVjay9UYWtvL1BBUEVSUy9XYXNzZXJtYW4vTG9naXQgTW9kZWxzIGFuZCBMb2dpc3RpYyBSZWdyZXNzaW9uIGZvciBTb2NpYWwucGRmAAATAAEvAAAVAAIADv//AACABdIcHR4fWCRjbGFzc2VzWiRjbGFzc25hbWWjHyAhXU5TTXV0YWJsZURhdGFWTlNEYXRhWE5TT2JqZWN0XxBHLi4vUEFQRVJTL1dhc3Nlcm1hbi9Mb2dpdCBNb2RlbHMgYW5kIExvZ2lzdGljIFJlZ3Jlc3Npb24gZm9yIFNvY2lhbC5wZGbSHB0kJaIlIVxOU0RpY3Rpb25hcnkSAAGGoF8QD05TS2V5ZWRBcmNoaXZlcgAIABEAFgAfACgAMgA1ADoAPABFAEsAUgBdAGUAbABvAHEAcwB2AHgAegB8AIYAkwCYAKACtAK2ArsCxALPAtMC4QLoAvEDOwNAA0MDUANVAAAAAAAAAgEAAAAAAAAAKAAAAAAAAAAAAAAAAAAAA2c=}}

@book{Wasserman:1994,
	Author = {Wasserman, Stanley and Faust, Katherine},
	Date-Added = {2008-09-22 11:10:36 -0500},
	Date-Modified = {2009-01-17 12:23:44 -0600},
	Publisher = {Cambridge University Press},
	Rating = {5},
	Read = {Yes},
	Title = {Social Network Analysis: Methods and Applications},
	Year = {1994}}

@article{Strauss:1990,
	Author = {Strauss, David and Ikeda, M.},
	Date-Added = {2008-09-22 11:09:48 -0500},
	Date-Modified = {2008-09-29 19:19:55 -0500},
	Journal = {Journal of the American Statistical Association},
	Pages = {204-212},
	Title = {Pseudolikelihood Estimation for Social Networks},
	Volume = {85},
	Year = {1990},
	Bdsk-File-1 = {YnBsaXN0MDDUAQIDBAUIJidUJHRvcFgkb2JqZWN0c1gkdmVyc2lvblkkYXJjaGl2ZXLRBgdUcm9vdIABqAkKFRYXGyIjVSRudWxs0wsMDQ4RFFpOUy5vYmplY3RzV05TLmtleXNWJGNsYXNzog8QgASABqISE4ACgAOAB1lhbGlhc0RhdGFccmVsYXRpdmVQYXRo0hgNGRpXTlMuZGF0YU8RAgoAAAAAAgoAAgAAB3NhaWJvb2sAAAAAAAAAAAAAAAAAAAAAAAAAAMfUUYFIKwAAAA2p/h9Qc2V1ZG9saWtlbGlob29kIEVzdGkjREE5RkYucGRmAAAAAAAAAAAAAAAAAAAAAAAAAAAAAAAAAAAAAAAAAAAADan/xP28egAAAAAAAAAAAAEAAwAACSAAAAAAAAAAAAAAAAAAAAAHU3RyYXVzcwAAEAAIAADH1JfRAAAAEQAIAADE/gLKAAAAAQAUAA2p/gANqaUADag+AAhMhgAAkvMAAgBJc2FpYm9vazpVc2VyczpzYWlwdWNrOlRha286UEFQRVJTOlN0cmF1c3M6UHNldWRvbGlrZWxpaG9vZCBFc3RpI0RBOUZGLnBkZgAADgBoADMAUABzAGUAdQBkAG8AbABpAGsAZQBsAGkAaABvAG8AZAAgAEUAcwB0AGkAbQBhAHQAaQBvAG4AIABmAG8AcgAgAFMAbwBjAGkAYQBsACAATgBlAHQAdwBvAHIAawBzAC4AcABkAGYADwAQAAcAcwBhAGkAYgBvAG8AawASAFVVc2Vycy9zYWlwdWNrL1Rha28vUEFQRVJTL1N0cmF1c3MvUHNldWRvbGlrZWxpaG9vZCBFc3RpbWF0aW9uIGZvciBTb2NpYWwgTmV0d29ya3MucGRmAAATAAEvAAAVAAIADv//AACABdIcHR4fWCRjbGFzc2VzWiRjbGFzc25hbWWjHyAhXU5TTXV0YWJsZURhdGFWTlNEYXRhWE5TT2JqZWN0XxBFLi4vUEFQRVJTL1N0cmF1c3MvUHNldWRvbGlrZWxpaG9vZCBFc3RpbWF0aW9uIGZvciBTb2NpYWwgTmV0d29ya3MucGRm0hwdJCWiJSFcTlNEaWN0aW9uYXJ5EgABhqBfEA9OU0tleWVkQXJjaGl2ZXIACAARABYAHwAoADIANQA6ADwARQBLAFIAXQBlAGwAbwBxAHMAdgB4AHoAfACGAJMAmACgAq4CsAK1Ar4CyQLNAtsC4gLrAzMDOAM7A0gDTQAAAAAAAAIBAAAAAAAAACgAAAAAAAAAAAAAAAAAAANf}}

@article{Snijders:2002,
	Author = {Snijders, Tom A. B.},
	Date-Added = {2008-09-22 11:09:05 -0500},
	Date-Modified = {2008-09-29 19:19:10 -0500},
	Journal = {Journal of Social Structure},
	Title = {Markov Chain Monte Carlo Estimation of Exponential Random Graph Models},
	Volume = {3},
	Year = {2002},
	Bdsk-File-1 = {YnBsaXN0MDDUAQIDBAUIJidUJHRvcFgkb2JqZWN0c1gkdmVyc2lvblkkYXJjaGl2ZXLRBgdUcm9vdIABqAkKFRYXGyIjVSRudWxs0wsMDQ4RFFpOUy5vYmplY3RzV05TLmtleXNWJGNsYXNzog8QgASABqISE4ACgAOAB1lhbGlhc0RhdGFccmVsYXRpdmVQYXRo0hgNGRpXTlMuZGF0YU8RAeYAAAAAAeYAAgAAB3NhaWJvb2sAAAAAAAAAAAAAAAAAAAAAAAAAAMfUUYFIKwAAAA2p+h9NYXJrb3YgQ2hhaW4gTW9udGUgQ2EjREE5RkIucGRmAAAAAAAAAAAAAAAAAAAAAAAAAAAAAAAAAAAAAAAAAAAADan7xA3MBwAAAAAAAAAAAAEAAwAACSAAAAAAAAAAAAAAAAAAAAAIU25pamRlcnMAEAAIAADH1JfRAAAAEQAIAADEDhJXAAAAAQAUAA2p+gANqaUADag+AAhMhgAAkvMAAgBKc2FpYm9vazpVc2VyczpzYWlwdWNrOlRha286UEFQRVJTOlNuaWpkZXJzOk1hcmtvdiBDaGFpbiBNb250ZSBDYSNEQTlGQi5wZGYADgBQACcATQBhAHIAawBvAHYAIABDAGgAYQBpAG4AIABNAG8AbgB0AGUAIABDAGEAcgBsAG8AIABFAHMAdABpAG0AYQB0AGkAbwBuAC4AcABkAGYADwAQAAcAcwBhAGkAYgBvAG8AawASAEpVc2Vycy9zYWlwdWNrL1Rha28vUEFQRVJTL1NuaWpkZXJzL01hcmtvdiBDaGFpbiBNb250ZSBDYXJsbyBFc3RpbWF0aW9uLnBkZgATAAEvAAAVAAIADv//AACABdIcHR4fWCRjbGFzc2VzWiRjbGFzc25hbWWjHyAhXU5TTXV0YWJsZURhdGFWTlNEYXRhWE5TT2JqZWN0XxA6Li4vUEFQRVJTL1NuaWpkZXJzL01hcmtvdiBDaGFpbiBNb250ZSBDYXJsbyBFc3RpbWF0aW9uLnBkZtIcHSQloiUhXE5TRGljdGlvbmFyeRIAAYagXxAPTlNLZXllZEFyY2hpdmVyAAgAEQAWAB8AKAAyADUAOgA8AEUASwBSAF0AZQBsAG8AcQBzAHYAeAB6AHwAhgCTAJgAoAKKAowCkQKaAqUCqQK3Ar4CxwMEAwkDDAMZAx4AAAAAAAACAQAAAAAAAAAoAAAAAAAAAAAAAAAAAAADMA==}}

@article{recentp*,
	Author = {Robins, Gary and Snijders, Tom and Wang, Peng and Handcock, Mark S. and Pattison, Philippa},
	Date-Added = {2008-09-22 11:06:05 -0500},
	Date-Modified = {2008-09-22 11:27:05 -0500},
	Journal = {Social Networks},
	Pages = {192-215},
	Title = {Recent Developments in Exponential Random Graph (p*) Models fo Social Networks},
	Volume = {29},
	Year = {2007},
	Bdsk-File-1 = {YnBsaXN0MDDUAQIDBAUIJidUJHRvcFgkb2JqZWN0c1gkdmVyc2lvblkkYXJjaGl2ZXLRBgdUcm9vdIABqAkKFRYXGyIjVSRudWxs0wsMDQ4RFFpOUy5vYmplY3RzV05TLmtleXNWJGNsYXNzog8QgASABqISE4ACgAOAB1lhbGlhc0RhdGFccmVsYXRpdmVQYXRo0hgNGRpXTlMuZGF0YU8RAgQAAAAAAgQAAgAAB3NhaWJvb2sAAAAAAAAAAAAAAAAAAAAAAAAAAMfUUYFIKwAAAA2p8h9SZWNlbnQgRGV2ZWxvcG1lbnRzIGkjREE5RjUucGRmAAAAAAAAAAAAAAAAAAAAAAAAAAAAAAAAAAAAAAAAAAAADan1xP270QAAAAAAAAAAAAEAAwAACSAAAAAAAAAAAAAAAAAAAAAGUm9iaW5zABAACAAAx9SX0QAAABEACAAAxP4CIQAAAAEAFAANqfIADamlAA2oPgAITIYAAJLzAAIASHNhaWJvb2s6VXNlcnM6c2FpcHVjazpUYWtvOlBBUEVSUzpSb2JpbnM6UmVjZW50IERldmVsb3BtZW50cyBpI0RBOUY1LnBkZgAOAGgAMwBSAGUAYwBlAG4AdAAgAEQAZQB2AGUAbABvAHAAbQBlAG4AdABzACAAaQBuACAARQB4AHAAbwBuAGUAbgB0AGkAYQBsACAAUgBhAG4AZABvAG0AIABHAHIAYQBwAGgALgBwAGQAZgAPABAABwBzAGEAaQBiAG8AbwBrABIAVFVzZXJzL3NhaXB1Y2svVGFrby9QQVBFUlMvUm9iaW5zL1JlY2VudCBEZXZlbG9wbWVudHMgaW4gRXhwb25lbnRpYWwgUmFuZG9tIEdyYXBoLnBkZgATAAEvAAAVAAIADv//AACABdIcHR4fWCRjbGFzc2VzWiRjbGFzc25hbWWjHyAhXU5TTXV0YWJsZURhdGFWTlNEYXRhWE5TT2JqZWN0XxBELi4vUEFQRVJTL1JvYmlucy9SZWNlbnQgRGV2ZWxvcG1lbnRzIGluIEV4cG9uZW50aWFsIFJhbmRvbSBHcmFwaC5wZGbSHB0kJaIlIVxOU0RpY3Rpb25hcnkSAAGGoF8QD05TS2V5ZWRBcmNoaXZlcgAIABEAFgAfACgAMgA1ADoAPABFAEsAUgBdAGUAbABvAHEAcwB2AHgAegB8AIYAkwCYAKACqAKqAq8CuALDAscC1QLcAuUDLAMxAzQDQQNGAAAAAAAAAgEAAAAAAAAAKAAAAAAAAAAAAAAAAAAAA1g=}}

@article{introp*,
	Author = {Robins, Gary and Pattison, Pip and Kalish, Yuval and Lusher, Dean},
	Date-Added = {2008-09-22 11:03:00 -0500},
	Date-Modified = {2008-09-22 11:26:42 -0500},
	Journal = {Social Networks},
	Keywords = {intro p*},
	Pages = {173-191},
	Title = {An Introduction to Exponential Random Graph (p*) Models for Social Networks},
	Volume = {29},
	Year = {2007},
	Bdsk-File-1 = {YnBsaXN0MDDUAQIDBAUIJidUJHRvcFgkb2JqZWN0c1gkdmVyc2lvblkkYXJjaGl2ZXLRBgdUcm9vdIABqAkKFRYXGyIjVSRudWxs0wsMDQ4RFFpOUy5vYmplY3RzV05TLmtleXNWJGNsYXNzog8QgASABqISE4ACgAOAB1lhbGlhc0RhdGFccmVsYXRpdmVQYXRo0hgNGRpXTlMuZGF0YU8RAggAAAAAAggAAgAAB3NhaWJvb2sAAAAAAAAAAAAAAAAAAAAAAAAAAMfUUYFIKwAAAA2p8h9BbiBJbnRyb2R1Y3Rpb24gdG8gRXgjREE5RjMucGRmAAAAAAAAAAAAAAAAAAAAAAAAAAAAAAAAAAAAAAAAAAAADanzwpAvklBERiAAAAAAAAEAAwAACSAAAAAAAAAAAAAAAAAAAAAGUm9iaW5zABAACAAAx9SX0QAAABEACAAAwpB14gAAAAEAFAANqfIADamlAA2oPgAITIYAAJLzAAIASHNhaWJvb2s6VXNlcnM6c2FpcHVjazpUYWtvOlBBUEVSUzpSb2JpbnM6QW4gSW50cm9kdWN0aW9uIHRvIEV4I0RBOUYzLnBkZgAOAGoANABBAG4AIABJAG4AdAByAG8AZAB1AGMAdABpAG8AbgAgAHQAbwAgAEUAeABwAG8AbgBlAG4AdABpAGEAbAAgAFIAYQBuAGQAbwBtACAARwByAGEAcABoACAAKABwACoAKQAuAHAAZABmAA8AEAAHAHMAYQBpAGIAbwBvAGsAEgBVVXNlcnMvc2FpcHVjay9UYWtvL1BBUEVSUy9Sb2JpbnMvQW4gSW50cm9kdWN0aW9uIHRvIEV4cG9uZW50aWFsIFJhbmRvbSBHcmFwaCAocCopLnBkZgAAEwABLwAAFQACAA7//wAAgAXSHB0eH1gkY2xhc3Nlc1okY2xhc3NuYW1lox8gIV1OU011dGFibGVEYXRhVk5TRGF0YVhOU09iamVjdF8QRS4uL1BBUEVSUy9Sb2JpbnMvQW4gSW50cm9kdWN0aW9uIHRvIEV4cG9uZW50aWFsIFJhbmRvbSBHcmFwaCAocCopLnBkZtIcHSQloiUhXE5TRGljdGlvbmFyeRIAAYagXxAPTlNLZXllZEFyY2hpdmVyAAgAEQAWAB8AKAAyADUAOgA8AEUASwBSAF0AZQBsAG8AcQBzAHYAeAB6AHwAhgCTAJgAoAKsAq4CswK8AscCywLZAuAC6QMxAzYDOQNGA0sAAAAAAAACAQAAAAAAAAAoAAAAAAAAAAAAAAAAAAADXQ==}}

@article{logit,
	Author = {Anderson, Carolyn J. and Wasserman, Stanley and Crouch, Bradley},
	Date-Added = {2008-09-22 11:01:29 -0500},
	Date-Modified = {2008-09-22 11:29:12 -0500},
	Journal = {Social Networks},
	Keywords = {p* logit},
	Pages = {36-66},
	Title = {A p* Primer: Logit Models for Social Networks},
	Volume = {21},
	Year = {1999},
	Bdsk-File-1 = {YnBsaXN0MDDUAQIDBAUIJidUJHRvcFgkb2JqZWN0c1gkdmVyc2lvblkkYXJjaGl2ZXLRBgdUcm9vdIABqAkKFRYXGyIjVSRudWxs0wsMDQ4RFFpOUy5vYmplY3RzV05TLmtleXNWJGNsYXNzog8QgASABqISE4ACgAOAB1lhbGlhc0RhdGFccmVsYXRpdmVQYXRo0hgNGRpXTlMuZGF0YU8RAgQAAAAAAgQAAgAAB3NhaWJvb2sAAAAAAAAAAAAAAAAAAAAAAAAAAMfUUYFIKwAAAA2ppx9BIHAqIFByaW1lci8gTG9naXQgTW8jREE5QTgucGRmAAAAAAAAAAAAAAAAAAAAAAAAAAAAAAAAAAAAAAAAAAAADamowkBctwAAAAAAAAAAAAEAAwAACSAAAAAAAAAAAAAAAAAAAAAIQW5kZXJzb24AEAAIAADH1JfRAAAAEQAIAADCQKMHAAAAAQAUAA2ppwANqaUADag+AAhMhgAAkvMAAgBKc2FpYm9vazpVc2VyczpzYWlwdWNrOlRha286UEFQRVJTOkFuZGVyc29uOkEgcCogUHJpbWVyLyBMb2dpdCBNbyNEQTlBOC5wZGYADgBkADEAQQAgAHAAKgAgAFAAcgBpAG0AZQByAC8AIABMAG8AZwBpAHQAIABNAG8AZABlAGwAcwAgAGYAbwByACAAUwBvAGMAaQBhAGwAIABOAGUAdAB3AG8AcgBrAHMALgBwAGQAZgAPABAABwBzAGEAaQBiAG8AbwBrABIAVFVzZXJzL3NhaXB1Y2svVGFrby9QQVBFUlMvQW5kZXJzb24vQSBwKiBQcmltZXI6IExvZ2l0IE1vZGVscyBmb3IgU29jaWFsIE5ldHdvcmtzLnBkZgATAAEvAAAVAAIADv//AACABdIcHR4fWCRjbGFzc2VzWiRjbGFzc25hbWWjHyAhXU5TTXV0YWJsZURhdGFWTlNEYXRhWE5TT2JqZWN0XxBELi4vUEFQRVJTL0FuZGVyc29uL0EgcCogUHJpbWVyOiBMb2dpdCBNb2RlbHMgZm9yIFNvY2lhbCBOZXR3b3Jrcy5wZGbSHB0kJaIlIVxOU0RpY3Rpb25hcnkSAAGGoF8QD05TS2V5ZWRBcmNoaXZlcgAIABEAFgAfACgAMgA1ADoAPABFAEsAUgBdAGUAbABvAHEAcwB2AHgAegB8AIYAkwCYAKACqAKqAq8CuALDAscC1QLcAuUDLAMxAzQDQQNGAAAAAAAAAgEAAAAAAAAAKAAAAAAAAAAAAAAAAAAAA1g=}}

@article{ergm,
	Author = {Hunter, David R. and Handcock, Mark S. and Butts, Carter T. and Goodreau, Steven M. and Morris, Martina},
	Date-Added = {2008-09-22 10:54:36 -0500},
	Date-Modified = {2010-06-13 13:32:54 -0500},
	Journal = jss,
	Keywords = {ergm},
	Number = {3},
	Rating = {5},
	Title = {ergm: A Package to Fit, Simulate and Diagnose Exponential-Family Models for Networks},
	Url = {http://www.jstatsoft.org/v24/i03},
	Volume = {24},
	Year = {2008},
	Bdsk-File-1 = {YnBsaXN0MDDUAQIDBAUIJidUJHRvcFgkb2JqZWN0c1gkdmVyc2lvblkkYXJjaGl2ZXLRBgdUcm9vdIABqAkKFRYXGyIjVSRudWxs0wsMDQ4RFFpOUy5vYmplY3RzV05TLmtleXNWJGNsYXNzog8QgASABqISE4ACgAOAB1lhbGlhc0RhdGFccmVsYXRpdmVQYXRo0hgNGRpXTlMuZGF0YU8RAgQAAAAAAgQAAgAAB3NhaWJvb2sAAAAAAAAAAAAAAAAAAAAAAAAAAMfUUYFIKwAAAA2pzR9lcmdtLyBBIFBhY2thZ2UgdG8gRmkjREE5RDAucGRmAAAAAAAAAAAAAAAAAAAAAAAAAAAAAAAAAAAAAAAAAAAADanQxP26SwAAAAAAAAAAAAEAAwAACSAAAAAAAAAAAAAAAAAAAAAISGFuZGNvY2sAEAAIAADH1JfRAAAAEQAIAADE/gCbAAAAAQAUAA2pzQANqaUADag+AAhMhgAAkvMAAgBKc2FpYm9vazpVc2VyczpzYWlwdWNrOlRha286UEFQRVJTOkhhbmRjb2NrOmVyZ20vIEEgUGFja2FnZSB0byBGaSNEQTlEMC5wZGYADgBkADEAZQByAGcAbQAvACAAQQAgAFAAYQBjAGsAYQBnAGUAIAB0AG8AIABGAGkAdAAsACAAUwBpAG0AdQBsAGEAdABlACAAYQBuAGQAIABEAGkAYQBnAG4AbwBzAGUALgBwAGQAZgAPABAABwBzAGEAaQBiAG8AbwBrABIAVFVzZXJzL3NhaXB1Y2svVGFrby9QQVBFUlMvSGFuZGNvY2svZXJnbTogQSBQYWNrYWdlIHRvIEZpdCwgU2ltdWxhdGUgYW5kIERpYWdub3NlLnBkZgATAAEvAAAVAAIADv//AACABdIcHR4fWCRjbGFzc2VzWiRjbGFzc25hbWWjHyAhXU5TTXV0YWJsZURhdGFWTlNEYXRhWE5TT2JqZWN0XxBELi4vUEFQRVJTL0hhbmRjb2NrL2VyZ206IEEgUGFja2FnZSB0byBGaXQsIFNpbXVsYXRlIGFuZCBEaWFnbm9zZS5wZGbSHB0kJaIlIVxOU0RpY3Rpb25hcnkSAAGGoF8QD05TS2V5ZWRBcmNoaXZlcgAIABEAFgAfACgAMgA1ADoAPABFAEsAUgBdAGUAbABvAHEAcwB2AHgAegB8AIYAkwCYAKACqAKqAq8CuALDAscC1QLcAuUDLAMxAzQDQQNGAAAAAAAAAgEAAAAAAAAAKAAAAAAAAAAAAAAAAAAAA1g=},
	Bdsk-Url-1 = {http://www.jstatsoft.org/v24/i03}}

@article{statnet,
	Author = {Handcock, Mark S. and Goodreau, Steven M. and Hunter, David R. and Butts, Carter T. and Morris, Martina},
	Date-Added = {2008-09-22 10:42:36 -0500},
	Date-Modified = {2008-09-23 18:25:07 -0500},
	Journal = jss,
	Keywords = {statnet},
	Number = {1},
	Rating = {5},
	Title = {statnet: Software Tools for the Representation, Visualization, Analysis and Simulation of Network Data},
	Url = {http://www.jstatsoft.org/v24/i01},
	Volume = {24},
	Year = {2008},
	Bdsk-File-1 = {YnBsaXN0MDDUAQIDBAUIJidUJHRvcFgkb2JqZWN0c1gkdmVyc2lvblkkYXJjaGl2ZXLRBgdUcm9vdIABqAkKFRYXGyIjVSRudWxs0wsMDQ4RFFpOUy5vYmplY3RzV05TLmtleXNWJGNsYXNzog8QgASABqISE4ACgAOAB1lhbGlhc0RhdGFccmVsYXRpdmVQYXRo0hgNGRpXTlMuZGF0YU8RAiIAAAAAAiIAAgAACGhlIG5hc3R5AAAAAAAAAAAAAAAAAAAAAAAAAL6V4fdIKwAAAJa7lh9zdGF0bmV0LyBTb2Z0d2FyZSBUbyM1MkMxRjMucGRmAAAAAAAAAAAAAAAAAAAAAAAAAAAAAAAAAAAAAAAAAAAAUsHzxP26MwAAAAAAAAAAAAIAAgAACSAAAAAAAAAAAAAAAAAAAAAGLlRyYXNoABAACAAAvpYoRwAAABEACAAAxP4AgwAAAAEADACWu5YABc6DAABqogACAENoZSBuYXN0eTpVc2VyczpzYWlva2FiYXlhc2hpOi5UcmFzaDpzdGF0bmV0LyBTb2Z0d2FyZSBUbyM1MkMxRjMucGRmAAAOAIYAQgBzAHQAYQB0AG4AZQB0AC8AIABTAG8AZgB0AHcAYQByAGUAIABUAG8AbwBsAHMAIABmAG8AcgAgAHQAaABlACAAUgBlAHAAcgBlAHMAZQBuAHQAYQB0AGkAbwBuACwAIABWAGkAcwB1AGEAbABpAHoAYQB0AGkAbwBuACwALgBwAGQAZgAPABIACABoAGUAIABuAGEAcwB0AHkAEgBdVXNlcnMvc2Fpb2thYmF5YXNoaS8uVHJhc2gvc3RhdG5ldDogU29mdHdhcmUgVG9vbHMgZm9yIHRoZSBSZXByZXNlbnRhdGlvbiwgVmlzdWFsaXphdGlvbiwucGRmAAATAAEvAAAVAAIAFP//AACABdIcHR4fWCRjbGFzc2VzWiRjbGFzc25hbWWjHyAhXU5TTXV0YWJsZURhdGFWTlNEYXRhWE5TT2JqZWN0XxBPLi4vLi4vLlRyYXNoL3N0YXRuZXQ6IFNvZnR3YXJlIFRvb2xzIGZvciB0aGUgUmVwcmVzZW50YXRpb24sIFZpc3VhbGl6YXRpb24sLnBkZtIcHSQloiUhXE5TRGljdGlvbmFyeRIAAYagXxAPTlNLZXllZEFyY2hpdmVyAAgAEQAWAB8AKAAyADUAOgA8AEUASwBSAF0AZQBsAG8AcQBzAHYAeAB6AHwAhgCTAJgAoALGAsgCzQLWAuEC5QLzAvoDAwNVA1oDXQNqA28AAAAAAAACAQAAAAAAAAAoAAAAAAAAAAAAAAAAAAADgQ==},
	Bdsk-Url-1 = {http://www.jstatsoft.org/v24/i01}}

@article{Holland:1981,
	Abstract = {Directed graph (or digraph) data arise in many fields, 
especially in contemporary research on structures of so- 
cial relationships. We describe an exponential family of 
distributions that can be used for analyzing such data. A 
substantive rationale for the general model is presented, 
and several special cases are discussed along with some 
possible substantive interpretations. A computational al- 
gorithm based on iterative scaling procedures for use in 
fitting data is described, as are the results of a pilot sim- 
ulation study. An example using previously reported em- 
pirical data is worked out in detail. An extension to mul- 
tiple relationship data is discussed briefly. },
	Author = {Paul W. Holland and Samuel Leinhardt},
	Date-Added = {2008-09-21 11:44:09 -0500},
	Date-Modified = {2008-09-23 18:24:19 -0500},
	Journal = jasa,
	Keywords = {p1},
	Month = {Mar},
	Number = {373},
	Pages = {33-50},
	Rating = {2},
	Read = {Yes},
	Title = {An Exponential Family of Probability Distributions for Directed Graphs},
	Volume = {76},
	Year = {1981},
	Bdsk-File-1 = {YnBsaXN0MDDUAQIDBAUIJidUJHRvcFgkb2JqZWN0c1gkdmVyc2lvblkkYXJjaGl2ZXLRBgdUcm9vdIABqAkKFRYXGyIjVSRudWxs0wsMDQ4RFFpOUy5vYmplY3RzV05TLmtleXNWJGNsYXNzog8QgASABqISE4ACgAOAB1lhbGlhc0RhdGFccmVsYXRpdmVQYXRo0hgNGRpXTlMuZGF0YU8RAjoAAAAAAjoAAgAAB3NhaWJvb2sAAAAAAAAAAAAAAAAAAAAAAAAAAMfUUYFIKwAAAA2p1h9BbiBFeHBvbmVudGlhbCBGYW1pbHkjREE5RDcucGRmAAAAAAAAAAAAAAAAAAAAAAAAAAAAAAAAAAAAAAAAAAAADanXwyswplBERiAAAAAAAAEAAwAACSAAAAAAAAAAAAAAAAAAAAAHSG9sbGFuZAAAEAAIAADH1JfRAAAAEQAIAADDK3b2AAAAAQAUAA2p1gANqaUADag+AAhMhgAAkvMAAgBJc2FpYm9vazpVc2VyczpzYWlwdWNrOlRha286UEFQRVJTOkhvbGxhbmQ6QW4gRXhwb25lbnRpYWwgRmFtaWx5I0RBOUQ3LnBkZgAADgCIAEMAQQBuACAARQB4AHAAbwBuAGUAbgB0AGkAYQBsACAARgBhAG0AaQBsAHkAIABvAGYAIABQAHIAbwBiAGEAYgBpAGwAaQB0AHkAIABEAGkAcwB0AHIAaQBiAHUAdABpAG8AbgBzACAAZgBvAHIAIABEAGkAcgBlAGMAdABlAGQALgBwAGQAZgAPABAABwBzAGEAaQBiAG8AbwBrABIAZVVzZXJzL3NhaXB1Y2svVGFrby9QQVBFUlMvSG9sbGFuZC9BbiBFeHBvbmVudGlhbCBGYW1pbHkgb2YgUHJvYmFiaWxpdHkgRGlzdHJpYnV0aW9ucyBmb3IgRGlyZWN0ZWQucGRmAAATAAEvAAAVAAIADv//AACABdIcHR4fWCRjbGFzc2VzWiRjbGFzc25hbWWjHyAhXU5TTXV0YWJsZURhdGFWTlNEYXRhWE5TT2JqZWN0XxBVLi4vUEFQRVJTL0hvbGxhbmQvQW4gRXhwb25lbnRpYWwgRmFtaWx5IG9mIFByb2JhYmlsaXR5IERpc3RyaWJ1dGlvbnMgZm9yIERpcmVjdGVkLnBkZtIcHSQloiUhXE5TRGljdGlvbmFyeRIAAYagXxAPTlNLZXllZEFyY2hpdmVyAAgAEQAWAB8AKAAyADUAOgA8AEUASwBSAF0AZQBsAG8AcQBzAHYAeAB6AHwAhgCTAJgAoALeAuAC5QLuAvkC/QMLAxIDGwNzA3gDewOIA40AAAAAAAACAQAAAAAAAAAoAAAAAAAAAAAAAAAAAAADnw==}}

@article{Hunter:2006,
	Author = {David R. Hunter and Mark S. Handcock},
	Date-Added = {2008-09-21 11:33:22 -0500},
	Date-Modified = {2008-09-23 18:24:35 -0500},
	Journal = jcgs,
	Pages = {565-583},
	Rating = {5},
	Title = {Inference in Curved Exponential Family Models for Networks},
	Volume = {15},
	Year = {2006},
	Bdsk-File-1 = {YnBsaXN0MDDUAQIDBAUIJidUJHRvcFgkb2JqZWN0c1gkdmVyc2lvblkkYXJjaGl2ZXLRBgdUcm9vdIABqAkKFRYXGyIjVSRudWxs0wsMDQ4RFFpOUy5vYmplY3RzV05TLmtleXNWJGNsYXNzog8QgASABqISE4ACgAOAB1lhbGlhc0RhdGFccmVsYXRpdmVQYXRo0hgNGRpXTlMuZGF0YU8RAf4AAAAAAf4AAgAAB3NhaWJvb2sAAAAAAAAAAAAAAAAAAAAAAAAAAMfUUYFIKwAAAA2p2x9JbmZlcmVuY2UgaW4gQ3VydmVkIEUjREE5REUucGRmAAAAAAAAAAAAAAAAAAAAAAAAAAAAAAAAAAAAAAAAAAAADanewpAv5wAAAAAAAAAAAAEAAwAACSAAAAAAAAAAAAAAAAAAAAAGSHVudGVyABAACAAAx9SX0QAAABEACAAAwpB2NwAAAAEAFAANqdsADamlAA2oPgAITIYAAJLzAAIASHNhaWJvb2s6VXNlcnM6c2FpcHVjazpUYWtvOlBBUEVSUzpIdW50ZXI6SW5mZXJlbmNlIGluIEN1cnZlZCBFI0RBOURFLnBkZgAOAGQAMQBJAG4AZgBlAHIAZQBuAGMAZQAgAGkAbgAgAEMAdQByAHYAZQBkACAARQB4AHAAbwBuAGUAbgB0AGkAYQBsACAARgBhAG0AaQBsAHkAIABNAG8AZABlAGwAcwAuAHAAZABmAA8AEAAHAHMAYQBpAGIAbwBvAGsAEgBSVXNlcnMvc2FpcHVjay9UYWtvL1BBUEVSUy9IdW50ZXIvSW5mZXJlbmNlIGluIEN1cnZlZCBFeHBvbmVudGlhbCBGYW1pbHkgTW9kZWxzLnBkZgATAAEvAAAVAAIADv//AACABdIcHR4fWCRjbGFzc2VzWiRjbGFzc25hbWWjHyAhXU5TTXV0YWJsZURhdGFWTlNEYXRhWE5TT2JqZWN0XxBCLi4vUEFQRVJTL0h1bnRlci9JbmZlcmVuY2UgaW4gQ3VydmVkIEV4cG9uZW50aWFsIEZhbWlseSBNb2RlbHMucGRm0hwdJCWiJSFcTlNEaWN0aW9uYXJ5EgABhqBfEA9OU0tleWVkQXJjaGl2ZXIACAARABYAHwAoADIANQA6ADwARQBLAFIAXQBlAGwAbwBxAHMAdgB4AHoAfACGAJMAmACgAqICpAKpArICvQLBAs8C1gLfAyQDKQMsAzkDPgAAAAAAAAIBAAAAAAAAACgAAAAAAAAAAAAAAAAAAANQ}}

@article{GOF,
	Author = {David R. Hunter and Steven M. Goodreau and Mark S. Handcock},
	Date-Added = {2008-09-19 23:13:07 -0500},
	Date-Modified = {2008-09-23 18:24:29 -0500},
	Journal = jasa,
	Number = {1},
	Pages = {248-258},
	Rating = {5},
	Title = {Goodness of Fit of Social Network Models},
	Volume = {103},
	Year = {2008},
	Bdsk-File-1 = {YnBsaXN0MDDUAQIDBAUIJidUJHRvcFgkb2JqZWN0c1gkdmVyc2lvblkkYXJjaGl2ZXLRBgdUcm9vdIABqAkKFRYXGyIjVSRudWxs0wsMDQ4RFFpOUy5vYmplY3RzV05TLmtleXNWJGNsYXNzog8QgASABqISE4ACgAOAB1lhbGlhc0RhdGFccmVsYXRpdmVQYXRo0hgNGRpXTlMuZGF0YU8RAfAAAAAAAfAAAgAAB3NhaWJvb2sAAAAAAAAAAAAAAAAAAAAAAAAAAMfUUYFIKwAAAA2p2x9Hb29kbmVzcyBvZiBGaXQgb2YgU28jREE5REQucGRmAAAAAAAAAAAAAAAAAAAAAAAAAAAAAAAAAAAAAAAAAAAADandwsp91AAAAAAAAAAAAAEAAwAACSAAAAAAAAAAAAAAAAAAAAAGSHVudGVyABAACAAAx9SX0QAAABEACAAAwsrEJAAAAAEAFAANqdsADamlAA2oPgAITIYAAJLzAAIASHNhaWJvb2s6VXNlcnM6c2FpcHVjazpUYWtvOlBBUEVSUzpIdW50ZXI6R29vZG5lc3Mgb2YgRml0IG9mIFNvI0RBOURELnBkZgAOAFoALABHAG8AbwBkAG4AZQBzAHMAIABvAGYAIABGAGkAdAAgAG8AZgAgAFMAbwBjAGkAYQBsACAATgBlAHQAdwBvAHIAawAgAE0AbwBkAGUAbABzAC4AcABkAGYADwAQAAcAcwBhAGkAYgBvAG8AawASAE1Vc2Vycy9zYWlwdWNrL1Rha28vUEFQRVJTL0h1bnRlci9Hb29kbmVzcyBvZiBGaXQgb2YgU29jaWFsIE5ldHdvcmsgTW9kZWxzLnBkZgAAEwABLwAAFQACAA7//wAAgAXSHB0eH1gkY2xhc3Nlc1okY2xhc3NuYW1lox8gIV1OU011dGFibGVEYXRhVk5TRGF0YVhOU09iamVjdF8QPS4uL1BBUEVSUy9IdW50ZXIvR29vZG5lc3Mgb2YgRml0IG9mIFNvY2lhbCBOZXR3b3JrIE1vZGVscy5wZGbSHB0kJaIlIVxOU0RpY3Rpb25hcnkSAAGGoF8QD05TS2V5ZWRBcmNoaXZlcgAIABEAFgAfACgAMgA1ADoAPABFAEsAUgBdAGUAbABvAHEAcwB2AHgAegB8AIYAkwCYAKAClAKWApsCpAKvArMCwQLIAtEDEQMWAxkDJgMrAAAAAAAAAgEAAAAAAAAAKAAAAAAAAAAAAAAAAAAAAz0=}}

@article{Frank:1986,
	Abstract = {Log-linear statistical models are used to characterize ran- 
dom graphs with general dependence structure and with 
Markov dependence. Sufficient statistics for Markov graphs 
are shown to be given by counts of various triangles and 
stars. In particular, we show under which assumptions the 
triad counts are sufficient statistics. We discuss inferencemethodology for some simple Markov graphs. },
	Author = {Ove Frank and David Strauss},
	Date-Added = {2008-09-19 23:05:53 -0500},
	Date-Modified = {2008-12-29 21:16:22 -0500},
	Journal = jasa,
	Keywords = {statnet},
	Month = {Sep},
	Number = {395},
	Pages = {832-842},
	Title = {Markov Graphs},
	Volume = {81},
	Year = {1986},
	Bdsk-File-1 = {YnBsaXN0MDDUAQIDBAUIJidUJHRvcFgkb2JqZWN0c1gkdmVyc2lvblkkYXJjaGl2ZXLRBgdUcm9vdIABqAkKFRYXGyIjVSRudWxs0wsMDQ4RFFpOUy5vYmplY3RzV05TLmtleXNWJGNsYXNzog8QgASABqISE4ACgAOAB1lhbGlhc0RhdGFccmVsYXRpdmVQYXRo0hgNGRpXTlMuZGF0YU8RAZAAAAAAAZAAAgAAB3NhaWJvb2sAAAAAAAAAAAAAAAAAAAAAAAAAAMfUUYFIKwAAAA2ptBFNYXJrb3YgR3JhcGhzLnBkZgAAAAAAAAAAAAAAAAAAAAAAAAAAAAAAAAAAAAAAAAAAAAAAAAAAAAAAAAAAAAAADam2wou01AAAAAAAAAAAAAEAAwAACSAAAAAAAAAAAAAAAAAAAAAFRnJhbmsAABAACAAAx9SX0QAAABEACAAAwov7JAAAAAEAFAANqbQADamlAA2oPgAITIYAAJLzAAIAOXNhaWJvb2s6VXNlcnM6c2FpcHVjazpUYWtvOlBBUEVSUzpGcmFuazpNYXJrb3YgR3JhcGhzLnBkZgAADgAkABEATQBhAHIAawBvAHYAIABHAHIAYQBwAGgAcwAuAHAAZABmAA8AEAAHAHMAYQBpAGIAbwBvAGsAEgAxVXNlcnMvc2FpcHVjay9UYWtvL1BBUEVSUy9GcmFuay9NYXJrb3YgR3JhcGhzLnBkZgAAEwABLwAAFQACAA7//wAAgAXSHB0eH1gkY2xhc3Nlc1okY2xhc3NuYW1lox8gIV1OU011dGFibGVEYXRhVk5TRGF0YVhOU09iamVjdF8QIS4uL1BBUEVSUy9GcmFuay9NYXJrb3YgR3JhcGhzLnBkZtIcHSQloiUhXE5TRGljdGlvbmFyeRIAAYagXxAPTlNLZXllZEFyY2hpdmVyAAgAEQAWAB8AKAAyADUAOgA8AEUASwBSAF0AZQBsAG8AcQBzAHYAeAB6AHwAhgCTAJgAoAI0AjYCOwJEAk8CUwJhAmgCcQKVApoCnQKqAq8AAAAAAAACAQAAAAAAAAAoAAAAAAAAAAAAAAAAAAACwQ==}}

@article{Geyer:1992,
	Abstract = {
Maximum likelihood estimates (MLEs) in autologistic models and other exponential family 
models for dependent data can be calculated with Markov chain Monte Carlo methods (the 
Metropolis algorithm or the Gibbs sampler), which simulate ergodic Markov chains having 
equilibrium distributions in the model. From one realization of such a Markov chain, a 
Monte Carlo approximant to the whole likelihood function can be constructed. The 
parameter value (if any) maximizing this function approximates the MLE. When no 
parameter point in the model maximizes the likelihood, the MLE in the closure of the 
exponential family may exist and can be calculated by a two-phase algorithm, first finding 
the support of the MLE by linear programming and then finding the distribution within 
the family conditioned on the support by maximizing the likelihood for that family. These 
methods are illustrated by a constrained autologistic model for DNA fingerprint data. MLEs 
are compared with maximum pseudolikelihood estimates (MPLEs) and with maximum 
conditional likelihood estimates (MCLEs), neither of which produce acceptable estimates, 
the MPLE because it overestimates dependence, and the MCLE because conditioning 
removes the constraints. },
	Author = {Charles J. Geyer and Elizabeth A. Thompson},
	Date-Added = {2008-09-19 22:33:20 -0500},
	Date-Modified = {2010-02-09 21:09:20 -0600},
	Journal = jrss-b,
	Keywords = {MCMCMLE},
	Number = {3},
	Pages = {657-699},
	Rating = {5},
	Read = {Yes},
	Title = {Constrained {M}onte {C}arlo Maximum Likelihood for Dependent Data},
	Volume = {54},
	Year = {1992},
	Bdsk-File-1 = {YnBsaXN0MDDUAQIDBAUIJidUJHRvcFgkb2JqZWN0c1gkdmVyc2lvblkkYXJjaGl2ZXLRBgdUcm9vdIABqAkKFRYXGyIjVSRudWxs0wsMDQ4RFFpOUy5vYmplY3RzV05TLmtleXNWJGNsYXNzog8QgASABqISE4ACgAOAB1lhbGlhc0RhdGFccmVsYXRpdmVQYXRo0hgNGRpXTlMuZGF0YU8RAfQAAAAAAfQAAgAAB3NhaWJvb2sAAAAAAAAAAAAAAAAAAAAAAAAAAMfUUYFIKwAAAA2puR9Db25zdHJhaW5lZCBNb250ZSBDYXIjREE5QkMucGRmAAAAAAAAAAAAAAAAAAAAAAAAAAAAAAAAAAAAAAAAAAAADam8wrg22wAAAAAAAAAAAAEAAwAACSAAAAAAAAAAAAAAAAAAAAAFR2V5ZXIAABAACAAAx9SX0QAAABEACAAAwrh9KwAAAAEAFAANqbkADamlAA2oPgAITIYAAJLzAAIAR3NhaWJvb2s6VXNlcnM6c2FpcHVjazpUYWtvOlBBUEVSUzpHZXllcjpDb25zdHJhaW5lZCBNb250ZSBDYXIjREE5QkMucGRmAAAOAF4ALgBDAG8AbgBzAHQAcgBhAGkAbgBlAGQAIABNAG8AbgB0AGUAIABDAGEAcgBsAG8AIABNAGEAeABpAG0AdQBtACAATABpAGsAZQBsAGkAaABvAG8AZAAuAHAAZABmAA8AEAAHAHMAYQBpAGIAbwBvAGsAEgBOVXNlcnMvc2FpcHVjay9UYWtvL1BBUEVSUy9HZXllci9Db25zdHJhaW5lZCBNb250ZSBDYXJsbyBNYXhpbXVtIExpa2VsaWhvb2QucGRmABMAAS8AABUAAgAO//8AAIAF0hwdHh9YJGNsYXNzZXNaJGNsYXNzbmFtZaMfICFdTlNNdXRhYmxlRGF0YVZOU0RhdGFYTlNPYmplY3RfED4uLi9QQVBFUlMvR2V5ZXIvQ29uc3RyYWluZWQgTW9udGUgQ2FybG8gTWF4aW11bSBMaWtlbGlob29kLnBkZtIcHSQloiUhXE5TRGljdGlvbmFyeRIAAYagXxAPTlNLZXllZEFyY2hpdmVyAAgAEQAWAB8AKAAyADUAOgA8AEUASwBSAF0AZQBsAG8AcQBzAHYAeAB6AHwAhgCTAJgAoAKYApoCnwKoArMCtwLFAswC1QMWAxsDHgMrAzAAAAAAAAACAQAAAAAAAAAoAAAAAAAAAAAAAAAAAAADQg==}}

@book{TPE,
	Author = {Lehmann, E. L.},
	Date-Modified = {2010-05-14 14:49:37 -0500},
	Edition = {First},
	Publisher = {John Wiley \& Sons},
	Rating = {5},
	Title = {Theory of Point Estimation},
	Year = 1983}

@book{NW,
	Author = {Nocedal, Jorge and Wright, Stephen J.},
	Edition = {First},
	Publisher = {Springer},
	Title = {Numerical Optimization},
	Year = 1999}

@book{Fletcher,
	Author = {Fletcher, R.},
	Edition = {Second},
	Publisher = {John Wiley \& Sons},
	Title = {Practical Methods of Optimization},
	Year = 1987}

@book{TPE2,
	Author = {Lehmann, E. L. and Casella, George},
	Date-Modified = {2010-05-21 10:55:22 -0500},
	Edition = {Second},
	Publisher = {Springer},
	Title = {Theory of Point Estimation},
	Year = 1998}

@comment{BibDesk Static Groups{
<?xml version="1.0" encoding="UTF-8"?>
<!DOCTYPE plist PUBLIC "-//Apple//DTD PLIST 1.0//EN" "http://www.apple.com/DTDs/PropertyList-1.0.dtd">
<plist version="1.0">
<array>
	<dict>
		<key>group name</key>
		<string>Theory</string>
		<key>keys</key>
		<string>Handcock:2006,ergm,Geyer:1992,Strauss:1990,NW,Frank:1986,Corander:1998,Snijders:2002</string>
	</dict>
	<dict>
		<key>group name</key>
		<string>p* description</string>
		<key>keys</key>
		<string>Handcock:2006,recentp*</string>
	</dict>
	<dict>
		<key>group name</key>
		<string>MPLE</string>
		<key>keys</key>
		<string>Wasserman:1996,Strauss:1990</string>
	</dict>
	<dict>
		<key>group name</key>
		<string>logit</string>
		<key>keys</key>
		<string>Wasserman:1996,Pattison:1999</string>
	</dict>
	<dict>
		<key>group name</key>
		<string>Application</string>
		<key>keys</key>
		<string>Lewis:2008,Wasserman:1996,Barabasi:2003</string>
	</dict>
</array>
</plist>
}}

@comment{BibDesk Smart Groups{
<?xml version="1.0" encoding="UTF-8"?>
<!DOCTYPE plist PUBLIC "-//Apple//DTD PLIST 1.0//EN" "http://www.apple.com/DTDs/PropertyList-1.0.dtd">
<plist version="1.0">
<array>
	<dict>
		<key>conditions</key>
		<array>
			<dict>
				<key>comparison</key>
				<integer>4</integer>
				<key>key</key>
				<string>Read</string>
				<key>value</key>
				<string>No</string>
				<key>version</key>
				<string>1</string>
			</dict>
		</array>
		<key>conjunction</key>
		<integer>0</integer>
		<key>group name</key>
		<string>unread</string>
	</dict>
	<dict>
		<key>conditions</key>
		<array>
			<dict>
				<key>comparison</key>
				<integer>4</integer>
				<key>key</key>
				<string>Journal</string>
				<key>value</key>
				<string>Social Networks</string>
				<key>version</key>
				<string>1</string>
			</dict>
		</array>
		<key>conjunction</key>
		<integer>0</integer>
		<key>group name</key>
		<string>Social Networks</string>
	</dict>
	<dict>
		<key>conditions</key>
		<array>
			<dict>
				<key>comparison</key>
				<integer>2</integer>
				<key>key</key>
				<string>Author</string>
				<key>value</key>
				<string>Handcock</string>
				<key>version</key>
				<string>1</string>
			</dict>
		</array>
		<key>conjunction</key>
		<integer>0</integer>
		<key>group name</key>
		<string>Handcock</string>
	</dict>
</array>
</plist>
}}
